4084 5230
314 155 396 268 386
709 145 1405 235 USURA.

217 333 221 340 ¹
249 267 280 332 ia
305 289 331 346 ς,
352 271 385 325 de
405 266 515 342 usuris,
537 263 601 327 ibi:
623 264 750 344 cogenti
763 265 832 344 suut
847 275 1036 341 perparuam,
1079 259 1131 321 tali
1160 281 1218 322 non
1250 261 1424 343 intelligitur
1454 256 1562 321 nudum
1593 257 1802 342 propositum,
1826 259 1871 332 seu

247 371 333 430 quam
350 347 497 425 [latuimus
518 350 548 407 in
568 347 701 418 coneilio,
723 365 768 405 ees
787 343 856 414 bis,
892 367 909 401 a
939 343 1039 424 quibus
1080 340 1139 404 sola
1159 343 1294 406 uoluntas
1315 343 1412 406 usuras
1432 339 1591 418 accipiendi
1614 384 1624 417 ,
1648 341 1695 404 vel
1716 343 1869 425 erigendi,

248 435 434 510 extorserunt,
457 429 505 487 vel
526 449 614 487 earum
634 424 779 485 heredibus
799 424 960 501 restituere,
990 426 1040 486 vel
1102 441 1166 485 rout
1189 423 1347 505 praescindit
1368 425 1405 486 ab
1424 421 1507 486 omni
1529 422 1765 502 abluentem,
1787 431 1801 506 (
1823 446 1869 492 aa.

249 517 263 594 (
286 513 329 576 hia
350 537 400 575 nau
417 507 605 592 superstitibus
625 505 823 588 >pauperibus
841 529 967 582 erupere.
1080 443 1206 567 leenirn
1229 507 1406 588 propositum
1430 505 1529 586 potira
1547 505 1602 579 eli,
1627 508 1656 568 δι
1679 505 1782 570 dicitur
1804 509 1865 574 usu-

189 601 230 680 84
291 599 446 676 Paupertas
466 589 653 661 Usurarium,
677 590 706 650 δι
728 588 843 652 heredes
864 587 1036 663 illiusercuf
1079 607 1110 647 ra
1134 587 1263 663 interna,
1286 607 1372 668 quarn
1395 586 1478 650 usura
1499 586 1635 650 mentalis
1666 588 1680 664 )
1716 586 1759 652 sed
1780 591 1864 654 inrel-

248 676 294 743 sot
313 699 330 738 a
352 674 551 745 restitutione,
574 672 664 731 donec
685 669 720 732 ad
742 669 923 750 pinguiorem
946 668 1035 732 forto·
1077 668 1197 748 ligitur,
1218 669 1250 730 δι
1269 670 1412 751 accipitur
1432 689 1485 750 pro
1507 668 1570 729 artu
1592 686 1713 733 esterno
1733 689 1792 749 quo
1803 693 1865 734 mu·

248 780 316 819 nam
329 756 530 837 pervenerint.
551 756 872 830 Coenmunir,pertert.
887 756 916 813 in
927 750 948 812 l.
961 755 1036 812 Nam
1077 765 1161 810 tuum
1183 748 1268 812 datur
1288 771 1355 814 curn
1387 748 1433 832 spe
1462 749 1492 811 bt
1514 748 1676 814 intentione
1706 752 1867 833 accipiendi

248 845 274 903 is
295 843 322 900 ⁶.
340 837 377 913 ff.
399 836 433 896 de
453 833 515 896 dolo
534 836 624 908 malo,
648 833 709 897 ibi:
732 838 807 894 Nam
829 838 854 893 is
874 833 979 893 nullam
989 837 1034 893 vi·
1077 830 1188 891 lucrum
1199 852 1233 894 ex
1247 851 1369 907 mutuo,
1389 830 1527 911 quamuis
1545 831 1600 893 fine
1609 833 1670 894 ullo
1680 833 1763 912 pasin
1774 852 1864 898 exter·

247 919 328 980 detur
348 917 482 979 abbionem
501 913 625 988 babere,
656 919 702 977 cui
717 932 827 996 propter
846 917 968 995 inopiam
988 915 1037 974 ad·
1079 931 1137 985 uo,
1158 935 1261 994 argum.
1272 933 1331 994 cap.
1343 915 1487 992 Consuluit
1502 933 1546 975 ro.
1556 913 1591 972 de
1600 915 1711 992 sisteris.

245 1005 366 1081 versarii
385 1003 475 1062 inanis
493 997 565 1059 ablio
586 999 637 1076 eft,
661 997 699 1058 Θ
721 1001 768 1058 cit.
790 1013 848 1076 cap.
869 1001 943 1056 Cum
963 1016 993 1057 tu
1010 1017 1036 1072 ς.
1120 993 1248 1056 Usurarii
1271 995 1346 1068 ultra
1367 995 1448 1074 supra
1468 995 1634 1056 recensitam
1655 997 1863 1078 obligationem
1887 1004 1932 1064 88

246 1085 280 1143 de
301 1085 417 1164 usuris,
450 1081 518 1143 ibi:
552 1077 707 1140 Dummodo
727 1081 757 1140 in
771 1077 959 1154 firmitatibus
986 1076 1035 1139 be·
1078 1077 1265 1140 restitutionis
1287 1077 1430 1150 subjacent
1451 1076 1541 1138 etiarn
1565 1077 1654 1138 variis
1676 1083 1767 1158 poenis
1794 1101 1864 1142 cou-

244 1167 349 1236 beant,
372 1165 447 1223 arde
467 1161 532 1244 ipfir
547 1163 643 1242 poffint
664 1159 1034 1236 castelletuere...llliau-
1077 1175 1123 1217 tra
1145 1157 1236 1239 ipsos,
1260 1178 1323 1220 turn
1348 1159 1376 1218 in
1398 1159 1464 1230 Jure
1486 1155 1609 1231 Civili,
1642 1177 1705 1220 turn
1736 1161 1765 1220 in
1798 1161 1865 1230 lure

245 1267 323 1321 tem,
346 1249 394 1327 qui
416 1269 466 1306 nora
487 1241 588 1303 babere
608 1245 637 1303 iu
652 1240 862 1320 facultatibus,
884 1241 956 1301 unde
972 1245 1033 1317 usu·
1075 1239 1227 1302 Canonico
1249 1239 1387 1302 statutis.
1421 1239 1520 1299 Prima
1540 1237 1631 1320 igitur
1652 1260 1751 1302 eorum
1783 1263 1869 1322 praua

243 1351 291 1390 tas
311 1330 424 1390 valeant
444 1323 593 1401 restituere,
614 1347 666 1386 nou
687 1324 784 1383 debens
799 1325 858 1382 ulla
874 1323 1033 1401 poenamul-
1075 1319 1135 1394 ell,
1157 1322 1235 1400 quod
1258 1321 1377 1383 usurarii
1399 1319 1569 1396 manlsesli,
1602 1318 1648 1383 seu
1669 1323 1779 1385 notorii
1801 1322 1866 1390 sunt

245 1409 334 1484 Rari,
358 1431 418 1470 cum
439 1430 480 1468 eor
500 1422 562 1467 nota
580 1421 730 1485 paupertas
749 1404 890 1465 evidenter
909 1405 1033 1480 excuses.
1077 1399 1138 1476 ipso
1160 1408 1221 1474 jure
1243 1401 1385 1475 infames,
1407 1418 1466 1480 cap.
1489 1400 1610 1478 infames
1632 1423 1660 1462 2.
1680 1404 1709 1479 §.
1733 1407 1815 1465 Porro
1835 1411 1866 1468 in

186 1493 223 1573 85
287 1492 336 1554 Ad
359 1486 566 1554 relliturionem
588 1485 720 1566 obligat,
742 1485 847 1546 nedum
871 1480 953 1545 usura
976 1505 1033 1545 rea·
1070 1477 1188 1554 finecau
1205 1504 1292 1564 .3.q.
1308 1505 1334 1561 7.
1346 1483 1776 1563 cap.Dile6luer3.deexcefflb.
1790 1490 1866 1548 Prae·

247 1572 301 1649 lis,
324 1569 477 1634 sedetiam
502 1565 666 1638 mentalis,
701 1566 860 1644 sraliquod
883 1565 1030 1628 intentum
1071 1569 1152 1622 lator.
1174 1563 1399 1645 caplmprobum
1423 1587 1470 1625 20.
1495 1564 1564 1626 Cui.
1584 1567 1627 1630 Ere
1647 1565 1748 1646 quibus
1779 1569 1869 1645 causis

245 1654 357 1716 lucrum
390 1652 501 1713 ratione
532 1649 624 1709 mutui
657 1648 688 1708 srr
722 1645 922 1710 subsecutum.
947 1646 1031 1710 Unde
1070 1646 1190 1721 iufamia
1212 1649 1366 1729 irrogatur.

242 1735 428 1805 Mutuaror,
463 1728 513 1808 qui
537 1728 684 1791 intendens
706 1727 816 1792 lucrum
849 1729 972 1807 recipere
1000 1729 1030 1791 vi
1113 1726 1240 1789 Secunda
1262 1749 1348 1804 prena
1368 1730 1436 1802 cll,
1470 1727 1547 1808 quod
1578 1728 1695 1794 usurarii
1725 1734 1862 1810 notorii,
1884 1737 1922 1816 89

243 1815 359 1888 mutui,
383 1815 448 1874 licet
472 1811 526 1873 stne
548 1809 631 1892 padio
649 1826 787 1883 externo,
811 1809 1028 1871 contrahitusu·
1074 1805 1118 1870 seu
1142 1808 1308 1883 manisesli,
1340 1809 1489 1873 srClerici
1511 1811 1589 1884 fint,
1620 1811 1651 1872 bt
1672 1814 1780 1876 moniti
1800 1837 1866 1878 uon

242 1917 303 1956 ram
329 1894 515 1962 mentalem,
546 1890 651 1952 srinde
671 1891 782 1976 aliquid
803 1892 926 1970 accipiat
957 1890 1032 1954 ultra
1072 1888 1223 1963 desistant,
1246 1892 1282 1952 ab
1301 1889 1436 1964 Officio,
1459 1892 1489 1954 &
1512 1891 1655 1954 Beneficio
1678 1894 1730 1954 sint
1752 1892 1863 1977 suspeu-

242 1975 369 2048 sortem,
391 1975 468 2054 quod
491 1973 691 2036 Mutuatarius
713 1993 770 2033 non
793 1974 901 2051 gratis,
925 1992 975 2032 nec
996 1995 1028 2034 ex
1071 1968 1174 2044 dendi,
1196 1992 1231 2034 ac
1251 1973 1439 2053 deponendi,
1473 1990 1532 2054 cap.
1557 1975 1707 2053 Episcopus
1743 1997 1768 2038 r.
1800 1997 1861 2058 cap.
1905 2000 1907 2003 ·

240 2059 320 2120 mera
341 2055 529 2129 liberalitate,
555 2053 597 2115 sed
619 2070 769 2132 tamquam
792 2054 922 2115 debiturn
943 2055 1031 2116 ratio·
1073 2056 1215 2133 Quoniam
1239 2074 1265 2115 a.
1290 2056 1546 2135 &euplique
1570 2075 1596 2132 5.
1620 2055 1809 2138 desiapuap.
1829 2064 1863 2122 l'e'

241 2159 276 2202 ne
299 2139 393 2199 rnutui
415 2138 522 2210 dedit,
553 2152 668 2197 tenetur
689 2133 777 2196 etiarn
802 2136 830 2194 in
863 2135 941 2196 Foro
961 2155 1030 2196 con·
1071 2137 1134 2214 quis
1153 2155 1183 2209 4.
1206 2134 1246 2197 (a
1266 2149 1325 2215 tap.
1346 2141 1491 2220 Quoniam
1512 2138 1540 2197 8.
1562 2139 1640 2214 caus.
1665 2143 1856 2221 14.q.4.cip.

240 2220 362 2282 scientia
383 2219 418 2279 ad
440 2221 500 2291 ejus
511 2215 738 2279 relliturinnem.
762 2221 941 2286 Communis,
965 2233 1026 2280 terr-
1069 2220 1202 2277 Preterea
1224 2221 1251 2278 ό.
1273 2219 1308 2278 de
1327 2221 1432 2297 usuris,
1455 2237 1516 2297 cap.
1540 2218 1852 2283 interseruissem

238 2319 271 2362 tu
292 2301 419 2381 expresso
440 2303 470 2360 in
491 2318 548 2380 cap.
583 2299 728 2374 Consuluit
764 2317 808 2358 ro.
839 2297 873 2356 de
902 2302 1024 2375 Uluria,
1068 2297 1210 2375 eeceffibus
1232 2301 1377 2361 Peelaror.
1400 2299 1440 2360 Et
1462 2320 1480 2360 a
1499 2298 1616 2362 sotriosi
1637 2297 1734 2362 Clerici
1756 2299 1846 2366 usura·

241 2382 281 2444 ibi
305 2405 316 2442 .·
348 2382 517 2462 Huiusmodi
545 2377 665 2441 bomiues
690 2397 742 2460 pro
770 2383 1025 2453 inaestimatam,
1071 2382 1104 2440 rii
1130 2378 1268 2442 nranlsesli
1290 2381 1445 2462 repellendi
1468 2379 1531 2442 sunt
1551 2402 1570 2442 a
1590 2381 1676 2443 Sacris
1692 2382 1847 2448 Ordinibus

237 2487 321 2546 quam
341 2463 443 2524 babent
467 2462 481 2539 (
503 2483 564 2522 cum
585 2464 672 2522 omnis
691 2467 791 2539 usura,
815 2460 1025 2541 &superabere
1070 2460 1270 2541 suscipiendis,
1292 2463 1323 2524 δι
1347 2465 1384 2525 ab
1404 2460 1536 2535 officiis,
1559 2465 1588 2524 δι
1613 2461 1756 2525 Beneficiis
1773 2465 1849 2526 obri·

236 2549 336 2607 dantia
355 2543 532 2626 prohibeatur
552 2548 582 2604 in
604 2547 675 2622 Lege
696 2545 710 2621 )
730 2545 881 2623 judicandi
892 2545 957 2622 seret
970 2567 1026 2602 ma·
1071 2542 1190 2616 uendit,
1211 2561 1270 2621 cap.
1294 2546 1338 2604 De
1359 2547 1441 2606 Petro
1463 2567 1491 2620 4.
1513 2545 1577 2620 dail.
1598 2565 1649 2623 47.
1671 2543 1702 2606 ἃ
1721 2545 1857 2608 omnibus

198 2689 205 2704 ¹
235 2629 262 2686 le
282 2651 388 2708 agere,
423 2627 461 2688 (⁹¹
481 2625 587 2699 adea,
610 2627 866 2705 querele'rersuet
899 2641 1026 2703 accepta,
1068 2624 1165 2685 citatis
1186 2626 1320 2699 juribus,
1356 2628 1460 2704 quibus
1480 2626 1612 2688 ssaruitur
1633 2626 1705 2688 tales
1726 2626 1858 2690 Clericus

236 2709 424 2787 restituenda,
444 2711 473 2769 iu
493 2711 648 2767 animarum
674 2707 783 2786 judicio
814 2707 958 2782 efficaciter
988 2711 1028 2768 iu·
1072 2706 1227 2785 privandos
1249 2705 1299 2768 esse
1319 2705 1459 2781 Officiis,
1492 2707 1521 2767 bt
1544 2705 1686 2770 benensis
1708 2707 1858 2779 obtentis,

134 2794 139 2825 ¹
234 2788 372 2852 ducendi.
1070 2787 1197 2865 adeoque
1220 2787 1315 2850 multo
1338 2789 1430 2869 magis
1451 2786 1624 2866 repellendos
1655 2791 1692 2850 ab
1723 2789 1859 2851 obtinen-

175 2873 214 2936 86
276 2873 305 2934 st
326 2891 421 2935 autem
446 2871 646 2934 Mutuatarius
667 2870 791 2934 omnino
813 2873 922 2952 gratis,
946 2874 1023 2936 &es
1065 2866 1136 2930 dis·
1168 2869 1246 2929 Tum
1277 2871 1348 2949 quia
1378 2872 1448 2933 tales
1481 2869 1616 2932 maniselli
1638 2869 1761 2932 usurarii
1794 2868 1856 2932 sunt

232 2974 314 3016 mera
336 2954 538 3036 gratitudine,
570 2975 603 3014 ac
634 2953 807 3015 liberalitate
838 2954 946 3034 aliquid
976 2955 1022 3015 de·
1067 2947 1185 3012 infames
1207 2951 1344 3030 perlusa
1366 2954 1709 3030 citarasuprauum.87.
1735 2949 1849 3014 infami·

232 3036 305 3110 derit
327 3037 403 3098 ultra
426 3035 561 3108 sortem,
593 3034 673 3096 nulla
693 3035 731 3095 eil
752 3031 897 3114 obligatio
920 3035 948 3096 id
981 3056 1021 3096 re·
1065 3031 1116 3092 bus
1138 3049 1233 3094 autem
1257 3031 1350 3096 Porta
1374 3033 1558 3116 Dignitaturu
1587 3053 1684 3115 patere
1715 3057 1769 3096 non
1799 3035 1843 3094 de-

179 3131 193 3146 ·’
232 3116 393 3190 liirueu'rli,
425 3116 560 3194 quamvis
582 3115 739 3177 Mutuator
762 3135 858 3178 mente
894 3115 1019 3178 intende·
1064 3115 1150 3190 bent,
1174 3131 1254 3177 testu
1275 3117 1402 3197 expresso
1423 3121 1498 3178 inc.
1522 3114 1674 3194 infamibus
1691 3115 1779 3193 87.ele
1793 3121 1846 3175 Re-

231 3196 271 3256 rit
300 3197 357 3257 tale
390 3197 499 3256 lucrum
536 3196 708 3276 primario,
741 3197 772 3258 bt
802 3196 1021 3276 principaliter,
1062 3195 1217 3276 gul.Juris
1239 3200 1268 3257 iu
1289 3204 1317 3258 ό.
1341 3198 1411 3269 ibi;
1443 3197 1600 3274 infamibus
1615 3215 1694 3278 porra
1716 3222 1765 3257 non
1798 3215 1848 3275 po·

231 3276 274 3337 ita
295 3294 329 3339 ut
350 3297 406 3336 non
430 3275 523 3339 suisset
545 3295 758 3350 mutuaretur,
790 3277 841 3336 nist
863 3277 901 3336 ob
933 3277 1021 3357 perse·
1063 3295 1139 3336 teani
1162 3282 1361 3360 Dignitatum.

230 3356 306 3418 biam
329 3356 506 3418 Mutuatarii
529 3357 767 3436 gratitudinem,
801 3377 834 3416 ac
866 3357 1019 3422 liberalita-
1103 3359 1205 3421 Tertia
1228 3380 1311 3441 poena
1333 3363 1389 3437 ell,
1411 3364 1490 3443 quod
1513 3361 1630 3424 usurarii
1653 3360 1784 3432 notorii,
1808 3357 1853 3422 seu
1875 3383 1913 3438 ρο

230 3455 291 3500 tem
323 3438 379 3498 tale
412 3437 520 3497 lucrum
554 3435 712 3518 sperasset.
747 3435 830 3501 Licet
862 3438 1019 3501 enimnon
1063 3438 1230 3516 manifesli,
1264 3443 1281 3502 ss
1314 3443 1395 3504 Laici
1428 3443 1507 3515 stus,
1539 3441 1787 3505 excommunicari
1810 3443 1853 3504 ele·

229 3519 305 3582 velle
328 3535 460 3580 mutuum
485 3519 551 3581 dare
573 3518 624 3578 nisr
647 3518 682 3579 iis
703 3561 712 3591 ,
735 3539 808 3600 quos
828 3519 955 3600 speratur
976 3518 1018 3582 so·
1060 3521 1129 3582 bent
1152 3521 1306 3600 usquedum
1337 3526 1432 3588 debite
1454 3523 1667 3596 satisfecerint,
1699 3543 1758 3603 cap.
1784 3524 1853 3584 Pre-

229 3619 260 3662 re
281 3617 403 3679 gratos,
435 3597 518 3679 poffit
541 3597 665 3679 spesiare
686 3599 720 3659 ad
743 3599 927 3674 avaritiam,
960 3623 1017 3663 nun
1060 3606 1343 3682 reree7.deUsuris,
1366 3607 1397 3668 oe
1419 3605 1480 3687 ipso
1503 3605 1577 3667 fabio
1599 3605 1773 3685 irregulares
1794 3610 1850 3666 eti·

228 3697 327 3744 tameu
352 3679 459 3762 spailart
479 3680 515 3743 ad
538 3679 671 3755 usuram,
694 3701 760 3743 cum
784 3683 820 3742 fic
841 3683 1016 3746 nihilinten·
1059 3685 1152 3752 llunt,
1176 3703 1234 3765 cap.
1260 3691 1398 3749 Maritum
1423 3710 1450 3750 a.
1474 3687 1595 3767 distem
1616 3705 1675 3768 cap.
1699 3687 1853 3749 Seditione-

227 3763 342 3856 datur',
379 3780 472 3857 neque
493 3761 647 3842 recipiatur
669 3762 782 3858 ratione
813 3763 937 3856 mutui,
974 3762 1019 3828 sed
1060 3769 1112 3826 rios
1134 3765 1163 3825 8.
1182 3768 1246 3844 deit.
1269 3773 1318 3842 4⁶·

226 3843 689 3999 stilistas?sitisti:
709 3843 908 4000 rasilis:
926 3845 1015 3989 til:
1058 3847 1210 3990 minii?
1229 3849 1850 3996 effulsisti,‘'lt“sfllil'rs‘l
1870 3867 1910 3924 ⁹¹

226 4023 375 4147 istst
402 4006 590 4168 {illibi}
610 4027 703 4166 lt}
727 4007 1019 4162 iebilblifsl'?
1060 4007 1198 4152 ilt‘lle
1214 4009 1575 4158 misissetis,
1600 4011 1843 4180 {ill-2225?

225 4189 253 4224 n.
280 4185 433 4244 133..cum
460 4171 614 4238 Navarro,
639 4167 773 4243 Melina,
798 4169 927 4241 Azurio,
952 4169 1015 4233 Les·
1058 4169 1108 4230 bus
1131 4193 1158 4252 3.
1179 4135 1215 4231 de,
1233 4174 1346 4250 Usuei'r,
1371 4117 1431 4239 iii:
1457 4113 1670 4252 Censtituimus,
1692 4179 1761 4255 quod
1775 4174 1845 4251 Usu·

226 4249 282 4320 sio,
305 4243 391 4308 Card.
414 4247 447 4306 de
471 4247 551 4326 Lugo
575 4248 614 4309 ibi
645 4248 768 4321 citatis,
801 4251 831 4309 δι
863 4247 912 4308 alli
935 4271 1014 4312 com·
1057 4255 1128 4313 rarii
1147 4253 1286 4336 manifesti
1306 4279 1353 4318 uec
1373 4261 1412 4320 ad
1425 4261 1847 4323 Commuuiouemacr'me'ttautur

224 4326 371 4398 muniter,
397 4323 577 4390 Reiffenlluel
600 4326 670 4389 ibid.
692 4352 737 4388 nu.
765 4329 830 4405 178.
853 4332 956 4392 tellans
986 4333 1016 4394 ἃ
1057 4332 1183 4396 Altaria.
1499 4353 1509 4374 ·
1831 4380 1835 4389 .

225 4405 285 4492 ipse
306 4407 341 4470 de
360 4409 510 4470 communi
533 4407 676 4483 aliorum,
700 4410 804 4490 Sporer
824 4411 878 4471 loco
907 4416 955 4474 ait.
985 4439 1013 4477 a.
1096 4415 1209 4492 Quinta
1231 4435 1317 4499 ptena
1337 4419 1403 4497 eli,
1433 4423 1513 4500 quod
1537 4421 1745 4486 manifetlorum
1779 4415 1842 4480 usu·
1864 4439 1907 4497 9²
2031 4411 2033 4482 J

222 4509 298 4550 num·
327 4509 392 4566 177·
413 4491 444 4552 ἅ
464 4489 514 4550 alil
537 4486 658 4586 paliltn·
1055 4497 1197 4559 rariorum
1218 4500 1381 4564 oblationes
1403 4525 1460 4566 non
1484 4503 1589 4586 polline
1620 4503 1706 4586 recipi
1729 4546 1741 4576 ,
1764 4517 1865 4574 textu,

164 4567 205 4652 87
267 4568 487 4666 Advertendurn
519 4571 557 4664 eli
588 4569 636 4633 lrrc
664 4571 713 4634 ad*
731 4572 890 4636 uberiorem
927 4574 1013 4640 usura
1054 4577 1275 4660 exprellor'ucr't.
1294 4601 1351 4664 cap.
1373 4589 1454 4666 Quia
1474 4591 1504 4647 ie
1526 4585 1649 4649 omuibus
1673 4608 1701 4665 3·.
1722 4583 1759 4644 de
1779 4585 1845 4662 Usu·

221 4647 360 4735 {nentblll
379 4649 623 4745 mislllflillilbl-llp
645 4653 798 4739 quudvpru
820 4653 901 4728 usura
923 4679 1009 4748 mtu-
1049 4664 1108 4742 tle,
1131 4661 1173 4729 lbi
1182 4679 1197 4731 ἑ,
1213 4663 1268 4727 Sed
1287 4687 1336 4736 trec
1354 4665 1505 4738 oblationes
1525 4689 1617 4740 eorum
1638 4669 1789 4752 quisquam
1801 4685 1846 4728 at·

1271 4775 1273 4780 ⁸
1704 4751 1808 4831 Cipus·
