4084 5230
589 147 628 228 V
688 147 731 228 Ο
790 147 834 226 Τ
892 147 934 227 U
995 145 1070 248 M,
1158 144 1300 230 ΑΜ.
1339 148 1404 230 II·
1679 183 1761 268 345

76 305 78 311 2
190 245 246 334 'fid
267 263 388 350 [praere
408 255 446 326 ed
467 253 700 332 Moueiieriuut,
723 255 754 320 in
774 255 990 337 quocompleti
1072 255 1187 318 Contra
1206 257 1320 319 Votum
1345 257 1525 341 paupertatis
1546 277 1690 341 peccent,
1712 270 1764 351 qul
1786 263 1822 332 alt
1846 270 1900 347 res

191 348 330 419 suerent,
353 357 385 404 ut
401 363 439 403 etr
461 337 618 404 chronon
635 337 756 402 Ordinis
776 335 906 400 ‘tollatur
931 337 989 400 Do
1032 336 1096 398 aliis
1116 337 1204 410 data,
1225 338 1270 399 vel
1294 340 1400 402 donata
1420 340 1582 421 recipiunt,
1604 343 1634 405 ss
1671 349 1817 424 retinent,

199 450 286 494 natos
306 429 356 490 st‘t.
376 422 525 504 passas.
543 442 664 496 ma.
1030 417 1224 493 consumunt,
1246 437 1443 500 permutant,
1478 419 1562 484 alteri
1593 422 1735 502 donent,
1769 429 1816 493 nel

107 513 173 588 ¹4⁶
242 511 283 574 Et
306 526 403 574 revera
424 497 666 582 Regulares'sadli
702 497 841 582 Episcopi
866 517 924 560 non
944 497 988 562 sri-
1029 499 1273 574 adcommodant,
1296 519 1419 576 contra,
1441 499 1487 564 rei
1516 502 1593 563 eitra
1622 503 1747 580 ullum,
1782 527 1818 570 ne

198 593 264 656 luur
286 587 459 660 elia-bona,
481 580 635 646 sedetiam
658 581 746 644 libros
776 579 917 661 quossibi
939 601 987 661 pa·
1030 579 1234 661 presumptum
1274 583 1393 659 quidem
1424 580 1621 657 consensum,
1655 586 1684 647 St
1729 585 1816 648 licen-

201 690 302 736 rarunt
326 674 354 732 in
384 666 537 748 Religiona
566 661 668 727 debent
700 679 768 724 ente
798 661 987 726 coniectatio
1030 662 1103 722 tiatn
1133 660 1327 740 Superioris.
1359 663 1435 724 Item
1453 663 1524 741 xqr'r
1595 667 1737 742 cuniam,
1769 667 1816 732 vel

195 775 266 816 uem
288 748 458 814 omnimode
479 745 614 823 refigurare
636 743 666 802 in
699 741 832 806 nraoibus
857 742 989 823 Superio·
1030 740 1116 803 aliam
1138 761 1351 823 quamcumque
1373 763 1433 804 rem
1456 742 1543 805 stiria
1594 741 1673 808 usum
1704 745 1815 812 contes-

202 853 268 898 sum
299 828 487 910 Religionis,
520 839 551 886 ut
582 823 704 904 espreffe
735 843 789 904 pro
820 821 989 886 Minoribus
1030 821 1089 882 sam
1111 845 1141 884 u.
1163 842 1191 900 g.
1223 841 1276 902 pro
1307 822 1415 899 visin,
1446 823 1575 900 vellito,
1607 826 1731 890 thesibus
1761 831 1814 890 im·
1928 861 1930 871 ·

199 915 298 976 ilatuit
322 911 487 974 Alexander
508 905 563 968 lv.
585 903 683 964 Conni.
717 903 804 982 incip.
838 907 881 968 Es
907 921 991 983 parte
1031 901 1206 983 primendis,
1239 902 1319 965 libris
1351 903 1498 979 emendis,
1530 906 1561 968 St
1591 903 1754 982 hujusmodi
1784 909 1816 972 iu

200 995 315 1072 velita:
346 993 377 1054 St
412 1009 465 1070 pro
497 983 728 1048 Prodicasoribus
763 983 899 1048 Cleonem
934 984 991 1046 lv.
1031 980 1104 1043 alios
1127 979 1188 1042 usus
1210 982 1393 1060 expendunt,
1428 983 1473 1046 seu
1504 984 1655 1064 iudendo,
1690 991 1817 1070 potando

201 1075 359 1142 constitut.
382 1069 471 1150 incip.
492 1060 745 1140 Providmtia,&
776 1062 827 1126 alii
850 1083 902 1144 pto
923 1064 989 1128 aliis
1029 1065 1086 1124 stc.
1105 1059 1298 1132 consumunt,
1320 1065 1351 1122 ur
1373 1065 1548 1145 prodigunt.
1582 1069 1657 1130 lteru
1689 1072 1741 1151 qui
1772 1091 1816 1134 res

202 1177 253 1240 per
277 1173 349 1218 seut.
371 1159 403 1216 r'n
422 1169 481 1230 rap.
503 1153 611 1211 statana
638 1167 662 1206 r.
683 1150 758 1224 cael.
788 1147 832 1208 18.
855 1146 943 1225 quasi.
963 1166 987 1206 r.
1028 1142 1141 1206 habitas
1161 1139 1358 1217 abscondunt,
1379 1143 1423 1204 vel
1446 1147 1592 1210 occultant
1615 1169 1650 1213 ne
1680 1153 1817 1232 Superior

201 1239 268 1302 Nec
289 1233 441 1302 dicendum
461 1229 518 1302 eil,
538 1226 627 1288 uittas
657 1227 887 1290 Constitutioues
907 1226 989 1305 loqui
1030 1221 1123 1299 sciat,
1148 1222 1192 1284 uel
1214 1219 1341 1296 auferar,
1365 1222 1495 1288 nolentes
1517 1227 1682 1307 permittere
1696 1237 1758 1308 ejus
1780 1229 1815 1292 li-

199 1321 235 1384 de
257 1317 339 1380 libris
358 1313 482 1377 aliorum
504 1306 666 1370 Aattnrnn
690 1305 849 1388 impressu,
871 1305 989 1370 velme-
1031 1307 1103 1366 bera
1124 1301 1323 1385 dispositioni.
1347 1304 1423 1367 item
1444 1308 1495 1382 qui
1519 1328 1561 1370 res
1589 1311 1702 1382 srbiad
1733 1311 1814 1374 usum

203 1398 374 1480 suscriptis,
396 1411 452 1456 noa
475 1409 544 1454 vero
565 1389 600 1450 de
621 1387 747 1467 propriis
767 1408 786 1450 a
820 1383 848 1450 se
868 1407 987 1468 compo-
1029 1384 1168 1447 concessas
1188 1383 1293 1463 culpa,
1317 1381 1362 1444 seu
1383 1382 1560 1469 negligentia
1582 1387 1660 1465 lata,
1680 1409 1743 1470 quar
1763 1395 1813 1456 do-

200 1477 373 1556 fitisrquia
401 1471 481 1534 diere
511 1466 858 1531 Constitutionestalem
891 1467 987 1529 dillin-
1031 1465 1060 1529 lo
1082 1468 1295 1546 equiparatur,
1318 1463 1479 1539 amittunt,
1502 1467 1548 1530 vel
1579 1471 1740 1547 delituunt,
1763 1489 1815 1538 eut

197 1563 328 1627 ‚olorem
351 1549 543 1616 nominemur
572 1547 607 1612 de
637 1546 717 1610 libris
736 1545 921 1630 impressus,
957 1547 988 1610 St
1028 1563 1239 1628 corrumpunt.
1264 1543 1338 1606 item
1361 1543 1498 1626 Spndici,
1522 1550 1738 1624 Procuratores,
1760 1555 1814 1616 ῦ-

200 1635 420 1717 manuscriptis,
440 1652 491 1694 nec
511 1630 547 1692 de
569 1628 774 1709 compostisa
807 1627 853 1701 se,
884 1627 990 1693 veleb
1029 1629 1172 1700 conomi,
1197 1626 1522 1700 Adminiliretores,&
1556 1630 1665 1692 Prolati
1696 1631 1811 1697 inserio·

200 1713 490 1790 elior&.ulti1.u
519 1731 577 1772 non
613 1709 784 1786 dillinguit,
816 1731 906 1790 neque
937 1729 990 1772 nos
1031 1730 1090 1782 res,
1114 1707 1206 1770 res&
1237 1711 1372 1785 pecunias
1403 1708 1574 1773 Monalierii
1606 1712 1814 1792 expendentes,

200 1801 370 1877 distinguere
391 1794 545 1866 debemus,
576 1809 633 1870 cap.
667 1794 749 1872 Quia
774 1794 848 1852 circa
877 1811 926 1856 as.
954 1789 989 1850 de
1028 1805 1080 1851 eut
1102 1787 1270 1866 elargienres
1290 1785 1374 1848 aliter
1402 1809 1491 1866 quant
1527 1793 1637 1873 Regula
1664 1793 1812 1871 Ordinis,

197 1883 340 1944 Prt'ot'sr.
365 1875 403 1940 (o
425 1875 447 1934 l.
470 1877 511 1934 De
526 1876 614 1953 pretia
633 1870 664 1932 8.
694 1873 728 1929 de
758 1869 927 1934 Publiciana
957 1873 987 1932 t're
1027 1868 1165 1931 volontas
1185 1867 1390 1948 Superiorem,
1411 1872 1648 1936 autconsultude
1669 1873 1813 1952 pullulat.

197 1983 257 2024 aeae
277 1983 295 2018 a
325 1962 402 2022 ione.
425 1955 505 2016 Turn
526 1952 596 2033 quia
615 1949 986 2032 plusailiuraturorigine·
1030 1949 1105 2012 ltem
1130 1947 1243 2030 ipstmet
1265 1949 1429 2028 Superiores
1450 1954 1635 2026 maiores,sr
1666 1974 1727 2034 res,
1761 1973 1814 2019 eut

202 2035 496 2117 lemanesctiptrurr,
517 2035 598 2104 cujus
626 2032 738 2094 nullutn
774 2049 854 2094 errat
886 2031 986 2111 vulga·
1028 2029 1161 2111 pecunias
1184 2028 1429 2092 Monalleriorum
1451 2029 1535 2094 aliter
1557 2037 1741 2113 expendant,
1762 2053 1812 2100 aot

197 2141 265 2186 enm
285 2136 337 2183 erre
390 2117 450 2186 lat,
483 2115 610 2184 maxime
642 2111 663 2172 li
691 2111 988 2200 srt'cootpostenre
1027 2111 1221 2193 elargitum,
1241 2127 1329 2190 quant
1350 2110 1471 2174 Ordinis
1492 2115 1621 2194 Regula,
1657 2118 1715 2180 Lex
1738 2119 1812 2180 Pon·
1898 2161 1909 2168 -

200 2195 460 2276 vinanensis
493 2193 522 2256 St
554 2191 670 2256 eximia
699 2190 865 2266 donnino,
896 2209 985 2274 quam
1027 2190 1136 2266 tificie,
1160 2209 1208 2254 aut
1229 2185 1426 2266 consiliatis,
1461 2193 1507 2258 vel
1542 2193 1716 2260 consuetudo
1751 2217 1811 2277 per·

201 2279 298 2360 quivis
318 2277 393 2340 alios
414 2275 485 2334 liber
507 2272 672 2353 impressas.
694 2271 778 2336 Unde
808 2271 907 2352 tnagis
940 2273 985 2336 las
1028 2274 1147 2346 mittet,
1170 2293 1236 2332 cum
1262 2271 1376 2334 Prolati
1399 2293 1457 2336 non
1480 2277 1534 2338 sint
1562 2276 1704 2340 bonorum
1742 2280 1812 2342 Mo·

197 2361 281 2424 detur
303 2356 419 2438 Religio
439 2355 475 2416 ab
506 2355 590 2435 ipsus
623 2353 787 2428 ablatione,
818 2353 986 2434 adeoquesr
1027 2353 1139 2415 naslerii
1160 2351 1283 2414 absolon
1307 2353 1445 2425 Domini,
1472 2355 1517 2420 sed
1538 2351 1590 2418 soli
1622 2358 1812 2425 Adminillra-

111 2453 118 2460 ’
198 2461 249 2520 per
269 2438 358 2502 ditias
388 2436 620 2500 Conilirotiouee
646 2451 765 2499 ceoour
800 2435 985 2498 indemnitati
1028 2451 1127 2498 tores:
1150 2437 1235 2514 sepit.
1255 2433 1467 2495 fraternitatem
1491 2457 1519 2497 2.
1539 2437 1574 2495 de
1602 2438 1812 2506 donationibus.

199 2519 362 2598 Religionis
383 2517 415 2578 in
434 2515 545 2577 minori
566 2515 692 2589 damno,
725 2536 743 2576 a
773 2513 888 2578 sortiori
912 2516 988 2578 ldent
1031 2515 1106 2576 item
1129 2514 1294 2594 Superiores
1314 2517 1515 2598 permittentes
1537 2515 1673 2592 subditis,
1709 2538 1740 2580 ut
1764 2541 1811 2600 pe·

194 2600 254 2664 erit
275 2601 307 2661 in
329 2598 454 2669 maiorm
476 2613 687 2678 argumente:
718 2595 833 2658 Minori
862 2595 898 2656 ad
919 2596 986 2658 Ma·
1029 2596 1143 2656 cuniam
1166 2593 1256 2658 etium
1276 2598 1395 2690 proprie
1415 2595 1579 2672 indullrla,
1613 2601 1643 2660 St
1673 2617 1734 2661 nrte
1766 2621 1812 2662 ac·

196 2687 248 2756 ius
265 2678 418 2759 desumpto
436 2673 628 2740 conformiter
648 2674 783 2738 Διώνη.
817 2677 911 2738 Masso
929 2695 987 2738 tna·
1051 2675 1184 2748 uisrtam,
1216 2671 1262 2736 seu
1292 2673 1342 2735 srbt
1373 2676 1538 2750 donatam,
1569 2693 1618 2739 aut
1654 2677 1812 2760 legatam,

195 2767 266 2844 gir,
289 2761 358 2820 (Η.
380 2760 415 2819 ale
435 2757 602 2835 incensandi.
619 2759 723 2835 stelas.
745 2757 825 2818 Hinc
848 2755 899 2818 nifi
919 2775 987 2817 con·
1028 2693 1075 2816 seu
1117 2758 1200 2818 uotis
1221 2753 1310 2817 modo
1332 2755 1380 2817 fibi
1402 2759 1620 2836 provenientem
1649 2761 1814 2842 expendant

197 2839 588 2905 uernnrlrenrtcededitta
608 2837 801 2900 declaratione
823 2837 986 2900 Clementis
1028 2835 1057 2896 in
1080 2771 1142 2898 uiuo
1164 2832 1338 2917 superfluos,
1361 2854 1469 2913 vanos,
1499 2839 1638 2923 illicitos,
1670 2859 1719 2903 aot
1751 2859 1812 2903 tur·

196 2923 291 2984 Vill.
313 2919 509 3002 allegetapto
531 2919 627 3000 pre'tna
647 2917 804 3000 opinione,
826 2917 986 2982 taruenna
1023 2935 1091 2998 pes,
1114 2915 1159 2978 seu
1181 2917 1400 2998 permittentes,
1422 2918 1576 2991 orbona,
1610 2918 1656 2982 seu
1689 2921 1812 2984 mobilia

196 3000 383 3082 disposrtiune
404 3000 483 3064 Sedis
501 2999 695 3080 Apostolicse,
718 3017 775 3060 nen
797 2999 835 3059 eli
856 2997 984 3062 receden-
1026 2995 1167 3076 superflua
1187 2998 1330 3079 pretiose,
1365 3001 1396 3061 St
1425 2997 1529 3062 ilatum
1561 2999 1641 3063 suum
1676 3003 1810 3065 dedecen-

195 3081 265 3146 dut'n
286 3083 329 3146 eb*
345 3081 401 3144 lrac
415 3080 541 3143 secunda
560 3080 718 3162 opinione,
751 3096 854 3158 utpote
875 3078 986 3160 potiori
1025 3077 1068 3141 ria
1089 3097 1174 3160 penes
1195 3076 1221 3140 se
1242 3077 1391 3154 brutam,
1413 3081 1444 3142 St
1465 3083 1627 3144 retineant:
1649 3096 1718 3144 tunc
1732 3083 1812 3146 euim

4 3223 6 3244 ,
198 3165 330 3236 tatione,
351 3164 382 3225 St
401 3160 616 3242 mrdtipliciote
636 3166 698 3237 jure
719 3157 852 3222 suffulta.
1023 3169 1087 3222 tam
1109 3158 1161 3242 ipst
1183 3157 1316 3234 Prteitti,
1337 3179 1426 3238 quam
1456 3149 1562 3226 subditi
1592 3161 1718 3242 graviter
1749 3181 1813 3244 pec·

4 3251 5 3254 ’
119 3261 179 3321 ¹47
240 3244 412 3322 Repulsus,
430 3245 482 3322 qui
511 3263 545 3304 ex
575 3241 695 3304 alterius
721 3239 805 3303 Cella
836 3239 984 3320 accipiunt
1025 3255 1093 3303 cant
1112 3255 1215 3304 contra
1236 3255 1341 3303 sotuen
1363 3245 1566 3322 paupertatis;
1587 3245 1664 3304 Cum
1688 3263 1738 3306 nec
1759 3245 1809 3306 Su·

196 3324 398 3404 Manuscripta
418 3325 621 3396 Contionum,
645 3317 696 3385 r'tut
715 3309 924 3401 Manuscripts
943 3320 982 3383 tl·
1024 3319 1121 3403 perior
1151 3317 1238 3402 poffit
1277 3317 1351 3384 tales
1386 3322 1516 3385 licentias
1545 3324 1726 3398 concedere,
1758 3343 1811 3388 nec

201 3406 290 3468 terius
311 3406 418 3486 generis
439 3403 544 3468 adstiti
567 3402 834 3475 transcribendum,
864 3418 982 3483 peccam
1025 3401 1130 3465 subditi
1162 3400 1227 3462 ists
1257 3402 1321 3476 uti,
1345 3419 1378 3464 ut
1399 3417 1480 3483 patet
1510 3419 1575 3466 turn
1606 3426 1641 3473 ex
1671 3403 1810 3468 Concilio

194 3503 298 3548 contra
318 3503 422 3550 votum
446 3484 643 3572 Pauperteris,
665 3485 697 3546 St
728 3496 863 3546 remotus
884 3483 920 3544 ud
941 3502 981 3544 te·
1021 3479 1105 3544 Trid.
1124 3421 1250 3561 [enim.
1271 3482 1307 3542 de
1329 3483 1511 3564 Regulatr‘bttt
1545 3501 1604 3568 cap.
1617 3507 1645 3546 a.
1676 3501 1739 3547 turn
1772 3505 1808 3548 ex

194 3567 400 3630 nutrimen.-
423 3561 596 3638 Huiusmodi
617 3564 697 3627 eoirn
717 3561 983 3642 manuscriptasunt
1024 3563 1155 3626 Decretis
1184 3561 1345 3627 Clementis
1384 3565 1477 3626 Vlll.
1512 3585 1566 3647 pro
1604 3564 1809 3634 reformatione
1916 3561 1923 3576 '

194 3667 304 3727 magno
325 3649 419 3729 pretio
439 3645 636 3720 aeilimabilia„
658 3661 690 3708 ut
718 3644 898 3724 experientia
930 3645 979 3705 do·
1023 3643 1210 3724 Regulerlutu
1232 3641 1321 3724 incip.
1344 3647 1446 3706 Nalltas
1465 3651 1573 3713 omnino
1592 3648 1661 3730 Μ.
1684 3663 1747 3710 tum
1769 3665 1807 3709 ex

193 3744 261 3798 eet,
282 3747 349 3790 cunr
382 3749 439 3790 non
462 3726 587 3802 -uasnr,
618 3728 668 3807 qui
698 3725 741 3787 ol)
766 3719 981 3787 illumnsnnr·
1025 3720 1157 3787 Decretis
1176 3724 1266 3786 Sacro
1286 3725 1395 3808 Congr.
1413 3727 1547 3791 Consilii
1577 3720 1704 3794 adduiiis
1720 3727 1809 3810 [upra

195 3807 304 3888 plicent
324 3807 407 3870 usone
427 3809 570 3872 solverent
601 3826 717 3902 contuor
747 3803 844 3900 scuta,
872 3807 903 3868 ἃ
937 3805 979 3867 ol·
1020 3822 1176 3882 amno.»
1288 3884 1297 3902 ¹

194 3907 514 4052 lutitianis
528 3885 979 4044 sirii‘l'²i.i.;..i:”.iit
1020 3887 1105 4030 ..Γ
1126 3886 1296 4030 iiiiii

1301 3886 1386 3972 usqne
1406 3887 1487 3954 serus
1506 3884 1730 3970 snlrlpientesde
1747 3887 1805 3972 ,bo3
1830 3904 1897 3966 149.

554 4049 561 4064 ι
822 4049 830 4064 .
908 4048 914 4063 .
1278 3970 1680 4111 quantitatem'notabilem,
1702 3968 1808 4064 duplet
1899 4055 1903 4062 .

192 4065 294 4125 tuere,
314 4055 384 4132 qtrie
414 4073 459 4116 res
488 4069 562 4113 tantr
596 4049 701 4124 vaiet,
729 4065 834 4129 quante
861 4049 978 4110 stlitnra·
1021 4063 1173 4131 peccarunt
1196 4063 1318 4114 mortae
1339 4051 1512 4126 incurrunt,
1534 4069 1622 4116 unum
1646 4045 1713 4111 lutrr
1735 4069 1806 4116 con,-

195 4147 242 4194 tor
262 4133 299 4200 ab
320 4154 378 4208 eo,
423 4134 452 4196 ni
475 4153 534 4196 rern
556 4130 661 4200 nster.
680 4129 926 4210 sandaracae.
947 4127 983 4188 ata
1020 4147 1068 4194 tra
1088 4127 1247 4204 juilitiam,
1270 4131 1300 4192 St
1322 4131 1399 4195 aliod
1418 4149 1474 4214 pro
1498 4131 1733 4194 rletitisrontra
1753 4131 1805 4193 voi

194 4217 373 4276 sententiis.
400 4153 458 4276 dte
485 4213 620 4275 Donatus
647 4215 735 4275 Pron.
762 4231 815 4273 ter.
848 4211 981 4296 Repetitis
1021 4225 1086 4276 turn
1111 4205 1307 4291 popenreut.
1328 4213 1463 4284 Vide've
1499 4255 1504 4270 ·
1529 4213 1648 4274 roton*
1665 4231 1740 4272 num.
1755 4229 1806 4288 Joa

194 4309 301 4370 torna,
330 4293 412 4358 nasi.
437 4316 484 4374 ις.
515 4291 607 4376 quast.
626 4311 680 4373 45.
709 4290 937 4358 Burtlroioutats
964 4307 984 4354 a
1062 4290 1173 4354 Eadem
1194 4286 1342 4369 quantitas
1375 4293 1546 4374 requiritur,
1568 4291 1608 4356 'dt
1638 4287 1802 4376 sufficir··in
1828 4309 1886 4369 150

195 4369 350 4443 &Fausto
367 4381 398 4438 t'tt
420 4375 554 4456 Thalam
582 4378 647 4437 teet.
668 4371 761 4438 lim.
793 4374 829 4434 tie
849 4376 982 4454 s'attpen.
1025 4371 1090 4436 Reli
1113 4367 1174 4434 ioso
1204 4363 1239 4432 tri
1269 4369 1378 4435 furtum
1411 4375 1560 4450 mortale,
1588 4367 1622 4436 St
1651 4367 1804 4433 mortalem
1933 4405 1938 4416 ·

192 4453 285 4534 qaas.
309 4477 375 4534 rot.
395 4459 426 4518 in
454 4461 538 4520 aterio
557 4482 566 4530 3
588 4455 733 4520 ¹Pellitur.
761 4471 829 4517 atate
851 4474 881 4516 r.
912 4459 980 4520 Ma-
1018 4391 1354 4532 transgresionemvoti
1378 4454 1577 4534 Paupertaris,
1606 4458 1669 4536 quet
1700 4447 1805 4513 sufficit

194 4537 272 4596 aaut.
295 4535 415 4611 tracis.
432 4557 540 4622 capa.
557 4537 653 4624 quasi.
666 4557 715 4622 3²·
736 4555 811 4603 tram.
825 4541 892 4618 3¹6.
913 4553 981 4602 euru
1023 4531 1190 4598 adsuetum
1211 4531 1333 4596 mortale
1355 4533 1561 4603 Saecnlarium,
1582 4532 1709 4616 exceptis
1727 4527 1804 4594 escu-

191 4613 261 4682 uliis
285 4616 326 4679 ibi
346 4615 493 4699 allegatis.
524 4668 529 4678 .
656 4669 661 4678 .
1020 4613 1131 4693 -ientit,
1152 4612 1185 4675 St
1205 4614 1383 4698 poculentis.
1406 4614 1483 4676 Vide
1502 4613 1606 4678 t'br'dott
1625 4632 1775 4774 n-plrmu·
