3996 5228
583 73 1121 185 ususfructus-,2
1159 73 1396 165 nans.·
1629 115 1710 207 3„

79 207 116 280 ²3
187 191 373 274 Uiositoflut
402 195 442 266 tei
475 196 567 280 potest
597 197 650 263 esse
680 197 802 261 materia
824 195 940 274 Dotis,
983 218 1013 280 ea
1027 181 1118 271 landa
1133 188 1211 273 stne,
1231 205 1325 280 earum
1346 215 1451 276 queque
1468 203 1635 282 ususfructus
1650 181 1689 269 ad
1707 225 1768 274 oum

1 287 2 304 ²
122 273 193 348 'seu
217 285 293 349 tradi
316 285 345 346 in
367 277 486 348 dotem.
508 279 554 343 stc
576 280 699 362 expresse
720 277 841 342 habetor
865 301 898 342 ert
921 283 956 357 Ι.τ
983 278 1124 358 pertinet.
1209 334 1216 364 ‚
1257 329 1262 346 ,

142 366 235 427 Dotis
251 363 376 444 fru'llum
398 387 427 446 7.
446 365 474 442 §.
498 359 611 438 ulfi
639 360 806 442 usuusfrudas
839 367 889 424 66.
903 359 942 438 ff.
1026 353 1100 420 Item
1124 351 1144 418 li
1168 354 1197 416 in
1219 376 1253 421 eo
1274 357 1362 422 fundo
1384 357 1437 423 ont
1459 359 1652 449 lapidicinae,
1682 373 1765 436 treti-
1790 401 1830 456 ²9

143 443 180 508 de
194 451 269 526 Jate
289 447 416 521 dorium,
439 449 460 507 l.
481 442 667 588 usup'ruiltcg
687 441 736 520 ‚iil
761 442 855 505 Saluta
876 449 940 520 Me·
984 437 1087 528 fodio-,2
1108 456 1198 533 ’'2¹''
1221 437 1364 532 iiodittae,
1400 443 1430 504 dt
1451 443 1643 526 hujusmodi,
1678 455 1770 532 potest

144 533 305 605 mimantis,
337 526 596 611 sisintiaci&
687 526 708 586 l.
730 527 785 586 Pro
818 523 942 604 omnibus
982 517 1200 586 ototruetoanas
1240 519 1473 606 rueteiepides,
1496 549 1620 606 arenas,
1653 533 1770 594 metalla

145 629 201 674 eo.
225 613 298 677 cod.
320 615 440 754 deatum
460 605 588 674 dorium.
610 605 651 670 Et
673 607 747 670 ratio
771 604 847 668 clara
868 607 906 668 esi
930 651 939 686 ,
981 603 1038 666 ort.
1062 601 1104 663 ita
1125 617 1222 664 tamen
1244 611 1283 666 ut'
1298 604 1479 694 agricultura
1501 609 1574 671 nihil
1596 611 1686 686 absa,
1708 629 1769 676 ter·

145 691 222 775 quia
245 691 352 758 usussru
384 714 413 756 us
435 689 493 772 ipse
523 684 701 773 potissumum
732 677 824 768 potell
854 685 941 750 deser·
986 700 1019 746 tu
1040 681 1165 765 expresso
1186 685 1215 746 in
1236 687 1286 746 cir.
1307 685 1328 746 l.
1352 690 1423 748 trem
1443 689 1472 766 §.
1495 710 1522 752 2.
1546 689 1585 752 ibi
1610 714 1617 754 :
1647 691 1702 755 sed
1732 693 1771 755 (r

146 773 215 838 vite
238 775 272 856 ad
294 771 451 839 sustinenda
470 791 558 836 onera
578 767 792 832 Matrimonii.
980 763 1009 840 ſs
1027 764 1192 844 lapidicinos
1211 761 1331 840 babeat,
1355 767 1393 830 (t
1415 769 1538 851 lapidem
1558 770 1648 834 cedere
1669 774 1767 849 velit,

85 869 129 930 ²4
196 855 228 918 Si
260 874 334 919 utor
365 853 451 920 suerit
472 873 524 934 pro
547 851 692 927 rietatis,
724 847 754 912 ἃ
783 847 890 913 dederit
912 849 942 912 in
984 845 1033 905 vel
1052 845 1227 921 metisodinas
1255 842 1387 922 babeat,
1420 851 1469 912 vel
1486 874 1609 930 arenas,
1642 853 1770 915 omnibus

150 931 256 1002 dorem
280 935 370 999 solam
394 872 596 1000 usumftudum
621 977 630 1006 ,
661 945 773 994 retenta
806 931 952 1012 stb'tpto·⁴
984 925 1027 1021 bit
1047 926 1158 1004 usturam
1179 925 1297 990 tabiaas
1324 929 1367 989 air
1386 929 1466 1010 quurss
1496 931 1594 996 bonum
1616 935 1770 1014 Patremsa-

147 1017 310 1113 prierato,
333 1015 426 1081 soluto
448 1013 672 1088 Matrimonio,
706 1011 755 1073 ille
776 1005 944 1086 ususfrudlus
984 1005 1096 1078 malim
1117 1009 1215 1092 ,Quem
1232 1007 1401 1095 sententiam
1417 1027 1486 1094 puro
1506 1037 1600 1076 veram
1624 1037 1633 1088 3
1657 1015 1696 1078 Et
1718 1016 1771 1078 iii-

149 1099 356 1173 tmmediate,
401 1097 431 1160 δι
463 1093 522 1176 ipso
558 1094 624 1164 Jute
653 1091 725 1156 redit
756 1093 791 1154 ad
823 1113 941 1156 usoretn
983 1089 1046 1149 dem
1066 1087 1096 1166 §.
1111 1109 1148 1228 ἐ.
1173 1085 1299 1152 subditur
1322 1109 1332 1155 t
1362 1091 1416 1168 led
1443 1091 1471 1168 fi
1499 1092 1552 1156 bae
1581 1097 1697 1174 metalla
1714 1096 1772 1178 poll

152 1196 309 1264 tamquam
342 1177 501 1243 Dominam
533 1170 749 1256 proprietatis.
784 1171 945 1252 Colligitur
985 1169 1110 1248 usumftu
1138 1189 1184 1228 um
1207 1169 1328 1254 legatum
1344 1169 1401 1243 liat
1423 1173 1567 1250 inventa,
1599 1200 1661 1242 cam
1693 1180 1788 1239 terius*

154 1263 235 1328 clare
256 1283 289 1324 err
309 1262 386 1324 cir.l.
404 1257 432 1334 Ji
450 1253 616 1336 ususftudnr
632 1257 687 1340 Ι66.
701 1253 735 1330 ff.
758 1251 792 1313 de
805 1259 876 1336 Jure
897 1251 948 1334 dn,
984 1253 1045 1334 egri
1065 1249 1234 1330 relinquatur
1253 1250 1421 1328 ususfruilus
1443 1291 1451 1326 ,
1476 1279 1527 1318 noo
1545 1261 1669 1338 partiam
1691 1264 1776 1321 canei.

161 1339 238 1408 riu'm
257 1388 265 1420 ,
287 1341 336 1405 nbi
358 1339 463 1402 dicitur
484 1381 493 1410 ,
511 1333 589 1416 quod
612 1331 780 1400 ususfruiius
801 1333 944 1398 concessus
986 1335 1099 1396 neanrsir
1119 1333 1244 1428 prgaro.
1267 1330 1306 1392 Et
1329 1331 1403 1396 idem
1427 1335 1578 1414 expressius
1600 1337 1720 1403 habetur
1742 1340 1776 1402 in‘

155 1426 310 1490 inriorem
332 1419 446 1495 abusio
471 1415 600 1499 Domino
637 1417 850 1498 proprietatis,
883 1415 945 1498 post
985 1414 1006 1475 l.
1030 1416 1062 1474 Si
1082 1435 1159 1474 enus
1179 1415 1219 1474 rei
1245 1411 1373 1494 13.§.5.
1390 1413 1502 1492 ffiead.
1528 1416 1588 1479 ibi:
1614 1417 1682 1481 lade
1701 1444 1773 1502 qua-

156 1505 319 1572 divortium
344 1521 399 1564 ῃοῃ
422 1514 583 1562 revertatur
603 1497 639 1558 ad
661 1518 779 1560 uxorem
802 1541 811 1572 ‚
844 1514 947 1579 utpote
983 1493 1068 1570 fictam
1089 1437 1141 1570 eil,
1164 1518 1200 1557 an
1220 1492 1410 1576 lapidicinos,
1431 1496 1481 1556 vel
1500 1499 1675 1574 cretilndr'nas
1695 1546 1704 1576 ,
1727 1503 1775 1562 vel

158 1609 220 1652 non
242 1583 398 1648 Dominam
422 1577 631 1662 proprietatis,
654 1574 698 1639 sed
720 1579 756 1640 ad
778 1576 870 1660 ipsum
886 1577 944 1640 Do·
986 1576 1171 1653 areoifodiaas
1203 1578 1261 1654 ipsi
1289 1573 1428 1650 instituere
1446 1579 1552 1660 poffie.
1585 1581 1623 1638 Er
1643 1599 1775 1664 agapam

160 1669 273 1732 minum
297 1662 512 1745 Proprietatis:
534 1677 602 1739 ergo
624 1679 691 1722 cum
714 1659 742 1719 in
765 1657 858 1721 nostro
881 1655 945 1722 casu
986 1661 1074 1718 etiarn
1097 1658 1186 1738 ipsunt
1207 1655 1343 1734 instituere
1360 1655 1454 1737 poffe,
1470 1658 1500 1734 Ji
1518 1683 1568 1722 aaa
1589 1665 1651 1738 agri
1667 1679 1775 1742 partem

159 1752 171 1817 i
194 1749 220 1810 sa
242 1765 315 1808 uxor
337 1741 422 1805 fuerit
445 1739 572 1804 Domina
594 1740 801 1833 proprietatis,
826 1737 943 1803 ususfru-
985 1735 1157 1816 nec'rffariam
1178 1735 1244 1799 buia
1263 1737 1304 1798 rei
1321 1755 1493 1820 occupaturus
1513 1740 1565 1820 eil.
1588 1745 1707 1806 Proinde
1727 1765 1775 1804 ve-

158 1769 247 1902 tius,
280 1823 413 1889 dissoluto
436 1820 660 1896 Matrimonio,
692 1819 772 1884 illico
793 1823 947 1885 revertitur
986 1843 1035 1883 nas
1055 1842 1157 1900 quoque
1177 1819 1418 1901 lapidicinarum,
1440 1819 1479 1882 Φ
1500 1821 1660 1906 hrep'ufmodi
1680 1825 1777 1884 metal-

161 1911 198 1973 ad
221 1905 331 1990 ipsam,
354 1899 598 1967 &consolidatur
619 1921 684 1966 cum
709 1902 904 1985 proprietate.
986 1900 1090 1977 lerum,
1113 1906 1250 1982 inquirere
1267 1905 1357 1982 potuit
1379 1941 1387 1960 .
1412 1942 1419 1960 .
1443 1942 1451 1960 .
1475 1943 1483 1964 .
1507 1902 1546 1964 Θ
1567 1921 1711 1966 ceterorum
1728 1908 1773 1986 fa-

93 2005 136 2074 ὓς
203 1986 232 2050 st
257 2007 324 2052 veto
345 1986 427 2050 illum
449 1981 654 2047 usumfrulium
677 1983 840 2046 concesserit
855 1986 882 2046 in
895 1985 945 2046 do·
987 1983 1092 2056 dines,
1114 1987 1251 2064 vesques
1272 1981 1481 2058 Paterfamilias
1502 1983 1620 2060 instituit
1642 2031 1649 2060 ,
1674 2007 1775 2048 esnae-

163 2085 224 2135 tem
255 2067 359 2148 aliquis
388 2083 565 2138 extraneus,
600 2064 649 2126 srbi
681 2080 790 2127 retenta
820 2064 945 2147 proprie·
987 2086 1015 2126 re
1031 2067 1158 2146 poterit,
1180 2066 1229 2126 vel
1249 2064 1305 2145 ipse
1327 2061 1463 2139 instituere
1489 2105 1498 2137 ,
1517 2063 1546 2140 fi
1563 2064 1637 2128 nihil
1657 2067 1777 2147 agricul-

162 2167 225 2215 tate
246 2169 303 2210 non
327 2147 396 2208 redit
421 2143 507 2224 ipse,
539 2143 632 2207 soluto
654 2143 882 2219 Matrimonio,
914 2144 949 2206 ad
990 2163 1056 2207 rure
1078 2143 1201 2209 nocebit.

162 2249 316 2302 uxorem,
342 2223 386 2288 sed
407 2225 441 2286 ad
464 2222 572 2285 uictum
596 2223 844 2306 proprietarium,
867 2240 949 2288 textu
1032 2226 1106 2287 Item
1129 2225 1163 2287 ad
1186 2221 1419 2288 ususrusiuariunr
1443 2224 1547 2308 spedas
1565 2227 1660 2309 quoad
1683 2227 1776 2292 nsum·
1801 2257 1838 2316 30

164 2309 290 2392 expresso
320 2306 351 2368 in
381 2304 439 2402 lege
474 2307 521 2366 cit.
545 2307 578 2369 n·
597 2303 764 2384 ususfrullus
794 2307 841 2370 66.
859 2303 896 2381 ffi
920 2307 955 2366 de
995 2303 1116 2367 truttam
1150 2307 1358 2370 incrementum
1396 2305 1581 2380 alluvionis,
1628 2311 1647 2369 fi
1678 2311 1710 2371 stt
1741 2310 1778 2369 la-

156 2395 226 2471 Jure
245 2387 375 2460 dorium,
410 2386 448 2450 tbi
468 2407 479 2448 :
513 2387 656 2472 Quoniam
677 2385 798 2448 discimus
816 2387 953 2466 usumfru·
996 2403 1060 2448 tent
1082 2408 1090 2458 ς
1111 2386 1140 2448 Si
1164 2407 1231 2450 vero
1256 2387 1288 2448 fit
1309 2404 1438 2466 patens,
1468 2389 1504 2450 ad
1527 2387 1688 2452 Dominum
1712 2389 1780 2468 l’ro·=
1902 2446 1904 2450 .

164 2471 239 2534 ilum
260 2495 277 2530 a
300 2467 456 2531 fruiluario
479 2469 538 2530 cedi
574 2491 624 2532 noo
650 2467 721 2547 poffe
750 2463 804 2542 nili
832 2471 948 2528 Damion
990 2465 1175 2561 prietariunt,
1198 2483 1281 2532 textu
1302 2462 1428 2548 expresso
1448 2470 1477 2528 in
1498 2470 1584 2532 eins.
1612 2473 1680 2532 stem
1702 2467 1730 2544 §.
1742 2492 1772 2546 4.

160 2553 365 2636 proprietatis,
390 2549 428 2612 (9
446 2547 473 2622 li
491 2566 615 2611 extraneo
635 2547 776 2621 cedatur,
806 2543 871 2624 ideis
892 2551 918 2610 ei
938 2590 946 2621 ,
990 2548 1051 2609 tbi:
1074 2549 1149 2609 Huic
1169 2551 1279 2610 vicinas
1299 2547 1432 2610 traciarus
1451 2547 1504 2626 eJl,
1526 2554 1575 2628 qui
1589 2551 1660 2629 soler
1680 2553 1709 2612 in
1731 2574 1777 2624 eo,

165 2635 215 2714 'qui
231 2634 426 2714 proprietatem
448 2653 500 2690 non
520 2627 636 2700 habeat,
658 2625 730 2690 nihil
750 2627 788 2686 ad
802 2650 861 2686 eum
874 2644 949 2688 tran·
994 2630 1068 2707 quod
1088 2629 1208 2703 acceffir,
1231 2625 1363 2698 traiiari,
1388 2629 1426 2690 (o
1436 2635 1543 2710 placuit
1553 2631 1705 2694 alluvionis
1718 2656 1779 2710 praa·

161 2712 218 2789 fiae
236 2735 253 2789 ,·
275 2711 328 2792 sed
348 2711 386 2771 ad
407 2713 557 2772 Dominum
583 2709 757 2792 propriorisris
785 2707 953 2783 reservatum
993 2729 1044 2788 que
1064 2707 1261 2785 usumfruilam
1281 2712 1320 2767 ad
1341 2709 1533 2770 Frartaan‘am
1551 2715 1704 2790 pertinere:
1727 2708 1782 2773 Sed

106 2797 147 2857 26
168 2792 396 2936 upumfiudlnm.
428 2792 586 2866 Quomodo
607 2807 702 2852 autern
727 2787 756 2848 in
788 2787 840 2850 tasi
862 2787 952 2872 ltypo-
990 2787 1131 2867 ſslnsula
1149 2789 1234 2870 justa
1250 2789 1371 2866 [undum
1392 2794 1422 2850 in
1438 2791 1697 2870 auantiaeaauaſsr,
1721 2795 1780 2873 ejas

167 2875 238 2940 test
262 2875 294 2935 stt
315 2869 518 2936 consulendum
542 2870 632 2933 eidem
654 2867 769 2940 uxori,
806 2889 870 2940 ne,
894 2869 953 2941 posi
994 2867 1192 2946 usumfruilum
1213 2870 1252 2928 ad
1281 2867 1473 2930 Fruiiuarium
1506 2897 1558 2933 aaa
1575 2879 1707 2954 pertinere
1729 2875 1780 2933 Pe-

167 2953 294 3017 solutum
307 2951 535 3014 Matrimonium
559 2951 689 3013 indotata
712 2948 877 3010 remaneat?
900 2949 948 3011 ha·
989 2949 1079 3029 gastus
1095 2950 1215 3028 scribit,
1237 2952 1303 3012 licet
1319 2955 1481 3032 proprietati
1494 2953 1628 3026 aceedar3
1649 2956 1783 3036 effieoim

165 3036 251 3098 betur
271 3039 300 3096 in
321 3032 400 3095 cinl.
413 3029 578 3111 ususfrulitcs
601 3029 804 3108 66.ffidethre
825 3029 948 3100 dotium,
991 3033 1082 3096 veluti
1098 3035 1235 3113 proprium
1252 3032 1393 3110 fundum,
1415 3033 1493 3113 cujus
1510 3035 1678 3112 ususfruiius
1698 3035 1736 3094 ad
1756 3055 1782 3094 re

169 3116 209 3178 (θ’
232 3119 261 3178 in
282 3115 302 3176 l.
311 3111 451 3194 usufruilu
475 3133 521 3196 57.
528 3113 565 3192 ff
578 3113 669 3175 Soluto
683 3112 879 3174 Matrimonia.
894 3113 955 3174 'Vi
997 3136 1049 3174 non
1066 3117 1202 3194 pertineat
1223 3157 1231 3176 .
1254 3117 1327 3197 Qua
1342 3117 1480 3191 sentencia
1502 3138 1554 3178 non
1574 3115 1609 3193 ιβ
1623 3115 1682 3190 fine
1702 3119 1783 3174 rario-

171 3195 205 3261 de
226 3195 288 3258 ibi.
997 3218 1046 3267 ne,
1069 3219 1139 3257 nam·
1154 3193 1204 3256 abt
1223 3195 1321 3255 latitat
1341 3200 1562 3271 incrementum,
1595 3197 1633 3258 (9
1663 3195 1783 3276 ufarassu·
1888 3236 1894 3242 -

112 3298 150 3355 ²7
213 3275 440 3340 Ususrul'suarius
461 3275 566 3343 studius
588 3298 688 3342 omnes
718 3298 752 3340 ex
784 3297 812 3340 te
834 3271 956 3340 sruliise·
999 3273 1056 3337 sias
1084 3294 1228 3358 augerem·
1259 3275 1309 3336 ubi
1337 3297 1429 3336 aurem
1462 3293 1572 3358 apparet
1598 3279 1782 3359 separarum,

172 3379 206 3420 ra
227 3357 370 3500 percipderfie
388 3361 502 3454 potest,
524 3360 613 3456 etiam
631 3357 783 3502 perpfionps
807 3378 866 3498 ,ἀρε
888 3355 957 3418 redi·
1000 3355 1383 3498 Frusinatiopondaccedit.
1416 3356 1491 3420 Vide
1521 3359 1599 3422 verb.
1622 3361 1784 3458 Domitium

948 3471 959 3484 -
1033 3456 1055 3500 r.
1088 3485 1094 3500 .
1125 3484 1131 3499 .
1188 3484 1194 3500 .
1299 3481 1307 3497 .

101 3562 110 3590 .
172 3455 219 3583 iii
237 3459 649 3602 iipiesiociri'lixuasiiiiu’du
682 3458 844 3602 “pippozt
866 3455 961 3594 ,ffitep‘
1001 3460 1122 3582 aritini
1141 3461 1175 3580 id
1197 3459 1432 3582 indistantiam
1456 3517 1783 3601 spatiantrenationes,
1808 3541 1842 3602 31

171 3601 335 3680 usufrudiu,
358 3601 396 3662 ibi
417 3621 425 3661 t
449 3602 597 3681 Usafrudiu
619 3605 721 3684 Legata
742 3603 831 3662 omnis
847 3597 959 3677 funditus
1000 3601 1031 3664 δι
1052 3597 1222 3681 piscationes
1242 3644 1252 3673 ,
1269 3616 1368 3664 textu
1399 3601 1524 3682 expresso
1545 3606 1575 3663 irs
1596 3607 1646 3664 cir.
1667 3603 1690 3663 l.
1715 3606 1785 3662 stem

171 3683 213 3744 rei
234 3683 273 3742 ad
294 3682 483 3746 tauritorium
501 3689 651 3766 pertinet,
686 3681 716 3744 ἃ
747 3679 855 3743 ibidem
877 3683 905 3756 §.
933 3702 958 3742 1.
1000 3683 1029 3760 §.
1051 3703 1080 3759 ,ς.
1102 3679 1142 3742 ibi
1168 3683 1183 3744 τ’
1206 3685 1396 3763 Aucupioaum
1418 3702 1520 3764 quoque
1543 3685 1580 3746 Θ
1611 3687 1786 3746 venationum
1834 3719 1844 3728 ·

172 3761 385 3846 subjungitur:
417 3766 583 3850 Quicunque
604 3764 706 3826 reditus
740 3764 773 3841 ‘il
794 3761 832 3820 ad
851 3761 958 3840 usufru·
1000 3761 1120 3822 reditum
1140 3761 1245 3839 Caffiut
1265 3767 1306 3822 ait
1326 3766 1347 3823 l.
1368 3763 1397 3824 8.
1412 3767 1493 3843 Jurir
1523 3763 1630 3826 Civilis
1660 3765 1697 3825 ad
1718 3767 1786 3825 taa-

173 3839 309 3906 diuarium
326 3849 444 3926 pertinet
462 3839 486 3922 ‚'
502 3867 675 3930 quacumque
703 3839 876 3906 obventiones
892 3844 959 3922 sunt
1000 3842 1138 3904 linarium
1150 3847 1309 3984 pectinem
1330 3867 1389 3925 erga
1412 3845 1451 3906 (t
1469 3849 1666 3922 piscationum.

174 3945 208 3985 est
229 3925 355 4002 edeficiis
377 3971 386 4002 ,
408 3951 442 3991 ese
460 3933 531 3990 areis
552 3973 561 4004 ,
581 3928 620 3990 (t
642 3927 763 3998 cereris,
793 3946 964 4008 quecumque
1044 3921 1148 3986 Usufru
1179 3925 1272 3986 uarius
1293 3925 1382 4005 potest
1405 3919 1538 4000 fruetus,
1570 3927 1614 3989 vel
1647 3923 1786 3987 utilitates
1811 3949 1847 4007 32

134 4054 137 4062 .
174 4003 274 4068 edium
290 4011 389 4088 suot,
421 4009 453 4070 δι
475 4009 629 4073 concordat
650 4009 702 4091 leg.
725 4009 793 4067 trem
817 4003 900 4088 pff.
923 4029 962 4065 ee·
1007 4002 1046 4066 tei
1068 4003 1215 4067 frudiiierae
1237 4007 1320 4066 alteri
1342 4007 1465 4079 donate,
1490 4004 1583 4068 locare
1604 4051 1613 4078 ,
1638 4009 1786 4080 vendere,

173 4088 264 4161 dem,
300 4089 369 4150 ibi:
406 4089 475 4151 luem
491 4089 521 4166 fi
533 4086 807 4168 sandialasfruiius
824 4087 861 4164 ,ir
893 4086 963 4170 sega·
1006 4086 1160 4148 concedere
1181 4089 1269 4146 etiarn
1293 4085 1388 4150 invito
1414 4087 1569 4158 Domino,
1594 4087 1639 4146 seu
1661 4085 1789 4165 Proprie-

178 4189 247 4244 rur,
269 4169 410 4250 quidquid
430 4173 458 4231 io
477 4173 563 4247 suado
583 4173 731 4250 nascitur,
762 4169 900 4252 quidquid
922 4173 963 4230 in·
1006 4167 1152 4236 rarioreit
1174 4165 1342 4228 Dummodo
1358 4185 1416 4230 tarn
1434 4165 1618 4240 trsnsfrudlus,
1642 4165 1789 4248 seuipsum

179 4249 213 4308 de
229 4254 334 4332 percipi
351 4251 461 4334 potest,
495 4251 579 4332 ipfiur
594 4249 703 4332 studius
723 4249 789 4328 eil.
824 4251 864 4314 Er
886 4248 962 4311 idem
1005 4249 1054 4318 Ius
1089 4247 1260 4328 percipiendi
1295 4239 1399 4308 iruilus
1430 4247 1537 4327 semper
1560 4265 1674 4311 maneat
1706 4267 1791 4329 penes

180 4328 298 4393 habetur
319 4334 348 4392 in
370 4333 391 4391 l.
414 4329 526 4393 Arbores
548 4356 596 4414 59.
616 4335 645 4410 §.
660 4333 857 4410 uffieadem.
1005 4327 1097 4406 ipsum
1122 4327 1378 4401 uiusrndiuatium,
1401 4331 1480 4400 cujus
1497 4329 1613 4390 nomine
1636 4329 1709 4391 alter
1731 4325 1788 4389 iru-

1 4449 3 4479 ,
121 4405 160 4467 28
224 4411 298 4473 ltetn
322 4411 426 4493 stapes
458 4413 543 4475 ineo
574 4413 662 4478 iund'o
685 4415 769 4490 sint,
801 4414 836 4474 ad
858 4409 962 4474 osustu-
1005 4409 1065 4471 lius
1087 4409 1232 4491 percipere
1253 4411 1361 4491 potest.
1382 4407 1428 4470 ste
1451 4407 1571 4471 habetur
1593 4409 1788 4492 erlaprtrlo-

182 4489 321 4553 &uatium
352 4493 498 4572 pertinent
518 4517 614 4558 earum
636 4493 772 4564 stulius,
806 4497 885 4556 sextu
917 4514 963 4555 ex·
1005 4491 1081 4554 cibas
1107 4511 1151 4551 12.
1173 4492 1201 4566 §.
1227 4509 1254 4550 a.
1272 4489 1310 4568 ff.
1331 4491 1366 4551 de
1386 4491 1560 4569 usafraiia,
1594 4491 1678 4552 &oe
1700 4492 1790 4551 Cont-

177 4570 272 4652 presto
294 4577 323 4635 in
344 4579 392 4637 cit.
414 4573 434 4636 l.
458 4579 530 4637 luem
552 4577 581 4656 §.
607 4595 634 4641 t.
657 4575 695 4640 ibi
720 4600 731 4638 .·
758 4577 792 4635 Er
809 4573 836 4651 fi
854 4591 916 4656 apes
936 4577 967 4637 in
1006 4571 1090 4634 inusti
1111 4571 1249 4633 testantur
1269 4573 1371 4654 Sporer
1387 4592 1458 4634 ram.
1483 4571 1598 4633 'urrais
1621 4570 1650 4632 8.
1671 4575 1700 4630 ia
1714 4595 1790 4709 Icam-

325 4673 328 4682 .
1691 4667 1712 4720 3,
1724 4677 1749 4712 ‘-
1784 4680 1789 4688 ,
