4084 5230
318 117 408 224 ψ
645 71 1489 192 vorum‚mmm

256 227 323 290 pere
342 253 352 284 ‚
374 201 422 268 vel
444 200 479 266 ed
501 201 616 268 Votum
638 203 729 266 redire
750 246 759 266 .
789 203 952 264 Communis
973 242 981 261 .
1004 200 1045 265 Et
1088 195 1273 283 Regnl.]uris
1293 204 1325 261 i'ii
1345 201 1374 260 ό.
1391 198 1429 262 θ
1449 199 1501 260 vbi·
1520 199 1617 282 major
1627 197 1804 279 conceditur,
1821 207 1879 272 η’.

257 293 334 356 tatio
355 287 422 360 esi,
453 284 525 382 qnia
543 283 740 348 commutatio
760 279 834 345 secla
853 281 893 345 est
913 283 942 342 in
964 281 1044 344 savo·
1085 306 1135 346 iiiii
1155 283 1300 360 coiceffiim
1321 279 1376 360 effe
1391 279 1551 356 vidium,
1572 299 1606 342 iio
1623 285 1744 367 eepnffe
1763 283 1879 352 bahem

256 391 319 436 ram
342 370 508 437 Voventii;
527 363 655 446 quisquis
685 381 783 427 autem
810 360 907 428 saviis
928 383 961 426 ac
993 365 1041 436 lu·
1082 368 1113 430 i'ii
1133 381 1193 446 eep.
1217 368 1260 427 Ea
1276 381 1340 445 per.
1364 381 1413 439 ²7·
1433 363 1470 422 de
1489 364 1640 432 Decimii,

257 453 282 516 ri
305 451 355 516 suo
377 448 541 510 renunciare
562 447 682 528 potesl3
715 463 775 527 cap.
798 448 831 508 Si
858 446 894 506 de
921 461 993 507 ema
1014 449 1043 508 6.
1122 447 1242 508 Habent
1263 444 1433 526 potestatem
1456 443 1663 524 ordinariam,
1696 447 1743 514 vei
1762 449 1875 534 delega-
1902 473 1983 536 ¹57¹

256 533 293 596 de
307 533 440 616 privileg.
461 529 500 592 (v
532 529 554 588 i.
577 531 695 607 siquis
723 529 753 588 iii
780 524 965 605 conscribendo
996 548 1045 604 zo.
1086 544 1147 590 tani
1169 527 1206 589 nil
1227 529 1308 590 Vota
1329 525 1555 601 commutanda,
1578 545 1695 592 tenetur
1715 529 1776 614 ipsa
1792 553 1875 599 com.

257 617 331 682 cod.
350 614 385 677 de
400 611 520 693 peciit.
551 608 593 671 Et
613 607 737 688 quilibet
758 609 924 671 renunciate
954 605 1047 691 potest
1087 626 1217 682 mutate,
1238 627 1306 671 cum
1328 607 1369 670 ob
1391 606 1593 670 rationabilem
1613 609 1728 676 causam
1742 613 1778 676 ad
1793 614 1820 678 id
1833 638 1876 678 re-

260 698 287 763 ιῑ
313 697 422 774 ‚quod
444 710 497 774 pro
518 687 545 754 sc
567 689 693 752 noscitur
715 689 910 754 introductum
932 734 942 765 ,
963 705 1047 753 tetru
1086 689 1230 770 quiritur:
1250 693 1440 752 Communis.
1474 689 1516 751 Et
1538 691 1612 754 ratio
1631 694 1701 768 est,
1733 695 1803 775 quia
1824 697 1879 760 nili

257 776 384 875 expresso
405 777 436 836 in
458 788 518 853 cap.
541 771 590 832 Ae
617 770 797 867 Apessosicam
814 773 876 867 16.
899 770 933 832 de
956 775 1045 863 Regio
1088 772 1189 846 josiam
1219 769 1352 910 cansams
1363 767 1485 912 babeatfi
1496 769 1587 866 talem
1608 775 1875 870 commutationem

255 857 406 1017 isis..
426 855 469 1014 ξ.
482 852 1045 1030 ,3⁰256.is'.‘.'us‚:¹s:s'.2⁰ss‘;
1085 851 1878 1030 isniidiiil‘iliilillliililisn‘ii'iiil

256 1039 290 1086 nt
309 1044 343 1087 ei
379 1020 433 1084 ello
454 1015 574 1082 babetur
603 1041 633 1080 iii
663 1035 724 1098 cop.
745 1017 832 1100 ,Quod
861 959 897 1078 oi
920 1033 1047 1098 pretim
1087 1018 1164 1081 verit
1183 1017 1218 1082 ad
1238 1036 1299 1091 eruo
1320 1013 1425 1088 usum,
1449 1014 1498 1076 nbi
1519 1015 1730 1097 requireretur,
1749 1021 1779 1086 ἃ
1798 1023 1875 1097 josia

258 1109 308 1168 61.
351 1126 365 1162 e
389 1100 488 1181 negas.
501 1101 632 1178 juricio
653 1103 682 1161 6.
1086 1097 1188 1162 adesset
1208 1096 1308 1160 caula.
1330 1094 1408 1160 Vide
1424 1097 1512 1175 supra
1531 1121 1608 1160 num.
1631 1103 1682 1178 67.

178 1205 232 1269 155
298 1183 385 1248 risu
406 1181 651 1244 commutatione
671 1179 783 1253 Voti,
814 1179 927 1260 fiopna
948 1177 1042 1242 subro-
1123 1179 1272 1244 Hebenus
1292 1177 1370 1240 dina
1390 1179 1424 1240 de
1446 1179 1536 1243 Votis
1555 1199 1675 1244 currunt
1707 1179 1784 1246 salva
1803 1201 1869 1266 pru·
1898 1185 1957 1266 158

254 1281 357 1351 patum
388 1262 440 1325 siat
473 1262 567 1343 possea
599 1259 795 1344 impossibiie,
830 1260 876 1322 vel
908 1259 1041 1335 inutile,
1083 1263 1219 1343 portione
1240 1259 1330 1324 etiam
1351 1259 1387 1324 de
1407 1257 1603 1331 loramentis.
1625 1261 1704 1328 Vide
1726 1262 1805 1327 verb.
1818 1271 1873 1345 Jii-

254 1348 307 1414 etfi
336 1366 387 1428 pei
416 1343 530 1424 culpam
561 1342 738 1416 Voveniii,
770 1340 892 1405 Vovena
920 1339 1043 1402 omnino
1082 1361 1237 1406 remitum
1257 1362 1312 1405 err.
1336 1360 1364 1420 3.
1381 1357 1430 1421 pei
1450 1349 1501 1404 ion

253 1425 424 1500 liberatur,
456 1444 474 1485 ri
513 1445 548 1488 ue
576 1440 690 1488 tenetur
719 1420 839 1494 redire,
879 1420 910 1482 bt
940 1421 1043 1497 exequi
1127 1422 1200 1486 Alia
1221 1423 1255 1485 ad
1276 1444 1369 1492 rem,
1400 1421 1476 1483 Vide
1499 1422 1574 1488 verb.
1589 1423 1747 1504 Jibitemi
1765 1443 1820 1491 err.
1844 1449 1872 1492 a.
1899 1450 1953 1509 ¹5⁹

256 1509 336 1596 priua
355 1509 470 1570 Votum
506 1525 575 1570 uum
595 1529 609 1579 ,·
631 1504 748 1586 Quippe
767 1503 846 1582 qood
869 1520 919 1583 pet
949 1501 1044 1582 legiti·
1086 1503 1118 1567 δι
1139 1505 1217 1570 verb.
1243 1504 1442 1586 impedimenti
1465 1508 1714 1572 Matrimoir'i'm.
1740 1531 1770 1590 3.
1827 1549 1831 1558 ·

253 1612 336 1656 mam
358 1588 620 1652 commorationem
642 1589 701 1659 jani
717 1583 876 1646 extindium
892 1583 949 1646 esi:
969 1581 1044 1645 obli·
1127 1585 1274 1647 Votorum
1297 1585 1497 1649 commatatio
1516 1587 1702 1667 (Religionis
1723 1592 1755 1656 de
1776 1591 1871 1656 Calli·
1901 1597 1954 1658 160

253 1673 337 1756 petio
358 1670 435 1736 enim
460 1666 542 1731 semel
565 1667 691 1730 eutiocia
713 1687 770 1728 non
793 1664 940 1728 reviviscit
958 1687 967 1736 ;
986 1667 1041 1744 seg.
1083 1664 1154 1728 tatii
1173 1665 1301 1746 exceptis
1323 1669 1338 1745 )
1362 1667 1389 1726 iri
1411 1666 1470 1730 alia
1491 1667 1539 1747 pia
1559 1670 1589 1729 bt
1617 1668 1750 1739 salutaria
1780 1693 1876 1753 opera

253 1757 319 1839 ¹Qui
340 1775 380 1812 res
405 1749 453 1826 98.
474 1752 503 1825 §.
523 1746 553 1806 8.
573 1748 607 1821 ff.
630 1747 664 1807 di
680 1745 881 1826 solutionibus.
908 1748 1042 1809 Peccavit
1082 1746 1214 1810 socienda
1242 1746 1464 1809 aConsessariis
1495 1749 1659 1814 conceditur
1687 1754 1716 1816 iii
1748 1755 1875 1826 lubilaeo

253 1853 352 1900 tamen
374 1833 519 1903 Voveiis,
556 1827 658 1902 siclus
687 1830 772 1910 culpa
801 1847 874 1908 opus
909 1826 1040 1906 subroga—
1082 1827 1265 1898 universali;
1297 1830 1402 1892 bened.
1424 1829 1513 1892 XIV.
1546 1849 1620 1894 tom.
1655 1852 1680 1892 1.
1710 1835 1875 1900 Constitue.

253 1933 318 1982 tuni
339 1911 444 1974 sidium
477 1910 509 1974 sit
531 1908 738 1990 impossibile.
769 1910 852 1972 Unde
884 1908 1040 1972 nvmiin
1083 1911 1173 1990 incip.
1189 1910 1462 1987 brioaaoosloli'rae
1477 1909 1629 1988 servitutis
1647 1913 1720 1989 §.p
1742 1916 1773 1978 δι
1794 1915 1873 1982 Goo-

251 2017 313 2062 ver.
333 2015 377 2074 gr.
398 1991 485 2054 dandi
523 2007 632 2054 certem
663 1990 875 2073 eleemosynam
910 2011 1043 2054 commn-
1084 1992 1176 2054 slirut.
1201 2013 1267 2055 iio.
1290 1993 1379 2074 incip.
1401 1997 1437 2054 sn
1452 1995 1582 2074 suprema
1601 1994 1631 2070 §.
1650 2014 1682 2068 4.
1704 1993 1788 2060 Vota
1808 1997 1869 2060 fim-
1893 1999 1945 2064 161

253 2095 348 2142 tntum
371 2075 404 2136 sit
427 2073 455 2133 in
477 2071 594 2152 aliquod
615 2090 725 2136 certum
748 2073 914 2149 jejunium,
946 2073 977 2134 br
1000 2090 1042 2136 ta·
1084 2073 1191 2156 plicia,
1213 2075 1341 2154 exceptis
1363 2072 1543 2156 Religionis,
1565 2074 1745 2151 Ceslitatie,
1767 2099 1801 2142 ac
1821 2078 1871 2142 Ul·

252 2157 469 2233 leieiunium,
500 2153 558 2216 sive
578 2153 618 2220 ob
638 2154 740 2226 juliam
762 2151 874 2217 caulam
904 2153 1040 2216 excusarr-
1082 2153 1261 2231 tramatino,
1283 2157 1314 2218 br
1335 2154 1519 2218 Vifitationis
1536 2155 1694 2218 Liminum
1719 2160 1865 2240 Aposlolo·

250 2256 310 2305 tem
336 2283 344 2312 ,
377 2237 433 2298 sive
454 2257 489 2298 ea
510 2233 594 2297 causa
613 2236 795 2317 culpabiliter
815 2234 964 2298 contraiit
993 2257 1040 2298 ne·
1084 2257 1147 2298 rum
1172 2280 1181 2312 ,
1212 2237 1244 2300 in
1265 2237 1326 2300 alia
1346 2237 1395 2318 pin
1415 2257 1505 2318 opera
1523 2238 1579 2300 rite
1601 2241 1771 2302 commum·
1797 2241 1859 2318 poll

251 2337 338 2402 queit
359 2339 376 2380 o
396 2319 533 2383 vovente
553 2316 727 2397 adimpseii;
750 2317 849 2382 Immo
868 2316 960 2380 etiam
981 2316 1039 2378 cul·
1082 2315 1148 2379 sunt
1179 2337 1230 2398 per
1250 2318 1461 2382 confessarium
1489 2317 1671 2383 etenimex
1704 2321 1855 2402 approbaris

253 2401 389 2484 pabilitet
411 2402 537 2476 jejunare
559 2396 681 2480 negligit
701 2442 711 2473 ,
733 2414 820 2479 atque
840 2415 957 2480 peccat,
982 2419 1039 2458 non
1080 2399 1118 2460 ab
1138 2398 1297 2462 Ordinario
1327 2398 1386 2464 loci
1416 2401 1445 2461 in
1479 2399 1540 2466 vim
1578 2398 1668 2463 liuline
1697 2402 1858 2470 Cruciate.

250 2499 364 2548 tenetur
393 2481 515 2552 redire,
548 2480 579 2543 ἃ
613 2479 716 2562 exequi
749 2498 852 2546 votam
884 2477 1038 2561 eleemosy·
1082 2479 1164 2543 Idem
1186 2481 1288 2544 Consi.
1309 2481 1360 2544 86.
1383 2481 1472 2564 incip.
1495 2485 1637 2570 Quoniam
1659 2484 1689 2559 §.
1712 2481 1759 2544 8··

252 2585 341 2627 nam.
364 2565 544 2626 Communis.
1124 2559 1245 2625 *Vota
1267 2581 1365 2627 tameo
1399 2564 1539 2646 simplicia
1574 2565 1665 2626 etiam
1687 2564 1864 2640 Cassitatie,
1886 2569 1943 2629 162

174 2645 230 2726 156
296 2645 356 2720 Qui
377 2659 560 2708 commutare
595 2643 686 2722 potesi
706 2643 850 2714 Votum,
886 2641 980 2724 potest
1009 2641 1039 2705 ἃ
1080 2641 1112 2704 &
1135 2642 1327 2726 Religionis,
1357 2665 1392 2708 ac
1421 2645 1568 2708 Sacrorum
1603 2646 1868 2724 peregrinationum

249 2745 369 2810 pieoam
393 2723 505 2787 ratione
528 2723 600 2786 Voti
623 2721 782 2804 transgressi
804 2722 931 2784 debitam
958 2743 1039 2785 com·
1081 2721 1267 2806 dispensando
1296 2743 1478 2790 commutare
1517 2726 1608 2808 poiesi
1644 2721 1745 2800 Major
1775 2727 1869 2790 Poeni·

247 2823 391 2873 mutare.
424 2805 507 2868 Unde
541 2803 561 2866 si
590 2806 654 2944 puis
684 2805 763 2867 verb.
792 2824 835 2884 gr.
868 2803 984 2868 voverit
1015 2801 1041 2864 se
1082 2804 1233 2868 tentiarius
1252 2807 1423 2872 Romanus.
1448 2807 1526 2870 idem
1539 2805 1663 2870 Constit.
1679 2831 1727 2888 95.
1750 2827 1868 2874 tomi.

166 2927 176 2949 .
249 2909 309 2954 non
333 2885 488 2961 insutum,
520 2901 569 2948 ant
603 2907 698 2948 enon
722 2885 962 2959 inebriaturum,
994 2885 1040 2950 vel
1082 2884 1157 2950 Bull.
1180 2887 1268 2967 incip.
1290 2889 1384 2966 Pallor
1403 2887 1488 2951 bonus
1510 2892 1539 2966 §.
1564 2909 1614 2965 ²9·

249 2965 1041 3130 is..s“:'ss¹..s;¹.sss”.si..i0‘..³l“.‘:²v.{3ss
1082 2968 1367 3114 ...sutilis
1395 2972 1425 3034 ³¹¹
1455 2969 1685 3114 cliiii?
1700 2967 1858 3114 lissi
1884 2973 1944 3052 ¹⁶³

250 3071 390 3204 curteiit,
413 3149 465 3193 nec
487 3129 656 3211 persolverit
678 3071 698 3206 ,⁸
710 3127 900 3194 confessarius
920 3129 1039 3213 privile·
1083 3154 1118 3196 ne
1151 3073 1277 3196 dissolvi
1299 3071 1701 3216 poiuii³fupriiiiiqiani'a
1722 3074 1862 3196 sirinano

249 3211 345 3295 giatus
367 3213 473 3292 poterit
494 3211 532 3272 ob
554 3210 653 3284 julium
678 3209 821 3284 causam,
856 3231 914 3274 non
947 3209 1038 3274 solum
1082 3209 1242 3289 Pontifice,
1264 3232 1314 3279 aut
1335 3238 1352 3278 a
1373 3217 1525 3292 Superiore
1545 3213 1674 3278 Geneieli
1694 3216 1864 3295 Congrega-

250 3310 433 3356 commutare
463 3292 580 3354 Votum
619 3291 713 3374 quoad
744 3291 965 3373 Obligatiouem
997 3290 1037 3353 sa·
1080 3295 1169 3358 tionis
1190 3295 1219 3356 in
1242 3296 1306 3360 anu
1327 3294 1499 3361 dimissionis
1519 3313 1632 3360 tantum
1653 3319 1662 3364 ·,
1681 3297 1761 3358 Ideni
1785 3294 1869 3354 Con·

249 3372 317 3448 sii,
348 3375 378 3436 δι
400 3377 489 3454 poesie
512 3369 718 3449 infuturum,
753 3373 906 3436 sedetiam
929 3372 1039 3454 poterit
1079 3375 1137 3438 siit.
1150 3382 1199 3454 69.
1216 3377 1303 3459 incip.
1325 3385 1391 3459 Quo
1411 3401 1457 3438 ma
1475 3382 1517 3440 i's.
1540 3380 1621 3440 Vota
1647 3375 1787 3457 simplicia
1805 3393 1869 3454 qun
1892 3377 1943 3452 164

249 3474 432 3520 commutare
461 3453 671 3548 obligationem
703 3473 852 3537 poenarum
883 3473 937 3539 pro
970 3471 1037 3534 prm
1080 3455 1111 3518 in
1140 3458 1285 3524 Societate
1316 3460 1380 3530 lesu
1412 3403 1475 3539 poi
1506 3460 1656 3523 biennium
1690 3455 1868 3539 probitioiii

248 3538 346 3600 teritis
366 3533 642 3617 transgressionibus·
661 3533 835 3605 incursatum
861 3578 870 3597 .
901 3535 948 3599 Sic
968 3535 1038 3599 Son·
1079 3539 1256 3603 emittuntur
1276 3585 1286 3615 ,
1306 3540 1513 3607 Beneficiorum
1536 3541 1723 3604 vocationem
1746 3558 1806 3602 non
1828 3537 1868 3598 in·

248 3618 322 3688 chen
341 3617 392 3681 sib.
405 3637 435 3694 4.
450 3619 615 3712 moraicap.
629 3639 676 3697 52.
689 3641 764 3682 niem.
790 3640 836 3695 io,
853 3616 892 3681 (V
912 3635 971 3700 cap.
988 3621 1035 3698 56.
1077 3619 1185 3684 ducunt
1205 3640 1215 3715 .²
1237 3623 1407 3716 'Quamvis‘
1432 3623 1480 3719 iu·
1500 3621 1737 3704 Congregatioue
1766 3619 1872 3700 quinta
1896 3620 1944 3697 ιός

158 3776 182 3866 l
249 3693 800 3864 :sinilibus‘iussio
816 3700 1036 3844 :siun
1077 3700 1875 3866 bissinis?sissinius.:misssi

249 3860 352 3927 Soter
371 3865 423 3927 soe.
444 3865 493 3926 cit.
516 3883 592 3926 num.
620 3881 686 3942 134.
708 3861 816 3928 Hermo
837 3880 903 3924 tom.
930 3880 956 3920 2·
980 3879 1036 3920 tra·
1079 3883 1112 3929 to
1135 3864 1271 3938 biennio,
1295 3885 1451 3946 antequam
1474 3869 1553 3930 Vota
1575 3865 1872 3950 simpliciaemittat,

225 4013 229 4018 ¹
278 3959 317 4004 et.
338 3947 370 4004 i'ii
387 3945 523 4026 Dicasog.
545 3941 617 4026 disp.
631 3963 657 4004 2.
671 3966 700 4024 q.
718 3965 746 4024 3.
767 3945 797 4019 §.
821 3944 932 4024 puers.
956 3943 1038 4004 Puer
1079 3944 1275 4010 Ecclesiastico
1297 3947 1440 4013 Beneficia
1460 3949 1609 4018 dimittere
1637 3949 1768 4016 debeat:
1797 3945 1873 4018 Quo

246 4023 347 4104 seem
368 4023 398 4084 δι
419 4023 471 4089 alii
493 4023 588 4106 plutei
608 4041 711 4090 contra
732 4025 860 4090 Navotr.
880 4024 910 4084 ἃ
932 4021 1035 4086 alios.
1079 4025 1144 4090 casu
1180 4025 1342 4101 hujusmodi
1368 4029 1539 4107 Beneficio,
1572 4032 1592 4094 si
1623 4032 1718 4099 minii
1750 4041 1874 4108 ρῐθΡΜ

250 4105 292 4170 Et
315 4101 391 4166 ratio
412 4103 479 4178 ess,
509 4106 579 4185 quia
600 4105 714 4168 Votum
746 4105 839 4188 megia
868 4103 927 4168 obli
950 4105 1038 4169 atad
1080 4105 1300 4191 professionem,
1323 4131 1353 4177 ar
1375 4131 1494 4196 propter
1516 4114 1757 4182 renunciationem
1781 4125 1870 4170 veta·

249 4182 403 4252 materiam
433 4183 537 4248 diiedie
559 4185 756 4266 promissam,
788 4206 877 4266 quain
909 4123 949 4246 ui
976 4205 1035 4267 pte·
1079 4211 1110 4254 re
1132 4188 1332 4272 intelliguntur
1356 4217 1365 4267 ς
1389 4195 1468 4266 Idem
1491 4193 1616 4260 Condit.
1640 4216 1686 4274 ²5·
1709 4189 1797 4271 incip·
1820 4189 1873 4252 Ere

248 4285 346 4341 nam,
376 4265 504 4346 adeoque
525 4263 715 4360 Confessariiu
735 4283 838 4348 potior
858 4283 1038 4334 commutare
1079 4293 1132 4352 quo
1152 4273 1181 4348 §.
1202 4270 1338 4356 denique,
1359 4299 1393 4339 ea
1414 4278 1537 4354 Soarez,
1561 4275 1731 4349 Pellieario,
1754 4269 1870 4352 uigin-

249 4349 365 4415 Votum
418 4347 491 4411 nond
526 4363 679 4410 materiam
709 4347 819 4411 diieste
839 4349 1036 4430 promissam,
1078 4351 1125 4429 ti,
1146 4351 1338 4434 Pitonio,·&
1358 4357 1436 4426 alii.
1940 4423 1944 4432 ,

247 4429 357 4516 poterit
457 4440 640 4493 commutire
671 4429 768 4510 quoad
799 4449 949 4511 ponam:
982 4437 1040 4496 Cui
1112 4433 1176 4517 *Ad
1196 4437 1465 4520 complementum,
1486 4445 1569 4518 juvat
1589 4437 1637 4503 bic
1664 4436 1789 4513 adiicere
1819 4431 1867 4498 da·
1897 4433 1962 4494 166

247 4511 408 4610 enim-,licie
426 4507 500 4593 quid
516 4504 556 4612 fsi
570 4509 665 4610 plut,
697 4511 761 4573 lieu
789 4514 885 4612 uesper
913 4511 986 4595 quoii
1005 4513 1041 4593 esi
1082 4531 1193 4612 eretum
1215 4520 1329 4600 Summi
1350 4521 1504 4587 Pontificio
1524 4519 1666 4586 benedicis
1686 4519 1777 4582 xlv.
1797 4535 1870 4614 prz-

166 4675 171 4688 ,
246 4614 367 4674 mois,
392 4609 479 4674 ‚textu
500 4594 678 4677 inpressoro
698 4597 826 4698 αμα.
843 4593 911 4700 licet
933 4596 1038 4680 ipseo
1078 4617 1131 4666 vio
1150 4600 1271 4668 consilio
1290 4601 1731 4692 puticolatiscoipremtionii
1742 4594 1877 4772 depoposci
